2901 3777
262 204 416 128 Letters

207 400 154 57 Space
376 402 306 57 exploration

203 486 106 25 Editor:

239 530 9 25 I
264 529 64 27 read
345 529 63 27 with
423 530 191 27 considerable
630 528 165 28 fascination

201 566 46 26 the
262 566 61 26 lead
339 566 93 27 article
448 566 27 26 in
490 566 51 27 last
557 567 101 26 week's
672 567 123 25 Maroon

200 603 112 27 entitled
505 608 72 22 must
611 603 80 32 bring
725 603 70 27 back

201 641 111 32 pioneer
323 648 60 25 age,
394 645 93 28 expert

236 677 145 26 Professor
393 677 92 26 Wood
497 676 21 27 is
530 676 104 33 quoted
646 684 30 18 as
688 675 104 33 saying:

262 722 40 18 we
314 714 81 26 don't
408 721 36 25 go
459 713 105 27 further
577 713 28 27 in
617 721 92 25 space,
724 713 70 26 we'll

200 751 34 27 be
248 751 174 32 committing
435 751 103 27 suicide
553 758 29 20 as
597 759 16 18 a
739 750 55 27 and

291 788 88 27 whole
400 795 122 26 purpose
544 789 44 32 [of
607 789 46 26 the
674 787 120 27 manned

200 834 81 24 space
309 826 141 32 program]
479 825 21 27 is
529 830 30 22 to
587 833 85 25 grow,
703 829 29 22 to
761 824 34 27 be

200 862 125 33 pioneers
335 862 55 27 and
400 867 30 22 to
441 862 68 33 keep
519 863 45 26 the
574 870 61 19 race

235 900 79 27 Since
325 900 9 26 I
346 907 109 19 assume
466 900 48 26 Dr.
527 900 91 26 Wood
629 900 22 26 is
661 899 133 33 speaking

199 937 35 26 of
242 937 46 26 the
299 937 104 26 human
415 944 61 19 race
486 937 91 26 rather
588 937 66 26 than
665 936 46 26 the
720 943 74 19 arms

200 982 71 23 race,
289 975 9 25 I
314 974 80 26 share
408 973 64 27 with
488 973 56 27 him
560 981 17 19 a
591 973 69 32 deep
675 980 118 20 concern

201 1011 44 26 for
268 1011 33 26 its
325 1010 186 33 preservation
534 1010 75 27 amid
632 1018 17 19 a
671 1010 123 32 growing

200 1048 115 26 number
332 1047 34 27 of
381 1047 102 27 threats
500 1051 30 22 to
548 1047 172 27 humankind
738 1047 55 26 and

200 1084 33 26 its
251 1084 96 32 fragile
365 1084 116 26 habitat.
501 1084 81 26 What
602 1085 10 25 I
632 1083 47 27 fail
698 1088 29 22 to
745 1091 32 19 un-

199 1121 140 31 derstand,
356 1121 137 31 however,
509 1121 22 27 is
545 1121 46 27 the
606 1121 141 27 relevance
762 1120 33 27 of

199 1166 51 19 our
268 1165 81 25 space
366 1165 128 25 program
513 1162 29 22 to
559 1158 46 26 the
621 1157 171 27 elimination

198 1195 34 26 of
240 1203 77 18 some
326 1195 35 26 of
367 1195 77 26 these
453 1195 104 26 serious
567 1195 112 26 threats.

229 1237 62 26 One
308 1236 90 32 major
416 1236 87 26 threat
521 1235 34 27 of
570 1234 148 27 incredible
735 1234 54 25 and

195 1274 84 31 tragic
295 1272 170 27 dimensions
481 1277 30 21 to
527 1280 16 18 a
560 1271 100 27 sizable
678 1270 111 33 portion

194 1310 34 26 of
247 1310 46 26 the
313 1310 104 26 human
439 1317 62 19 race
522 1309 22 26 is
566 1309 44 26 the
632 1312 105 28 specter
759 1307 33 26 of

194 1347 145 33 spreading
361 1346 112 26 famine.
496 1347 24 25 Is
541 1344 192 32 food-finding
753 1352 36 18 on

195 1385 45 26 the
250 1384 106 32 agenda
366 1384 34 26 of
410 1383 91 26 future
511 1382 100 27 shuttle
621 1381 146 27 missions?
781 1382 8 25 I

194 1421 130 32 certainly
336 1421 121 26 concede
470 1420 57 27 that
543 1419 206 33 food-growing
763 1419 26 25 in

195 1459 116 27 massive
326 1466 81 25 space
423 1458 121 26 habitats
560 1458 20 26 is
596 1465 16 19 a
627 1457 163 32 long-range

194 1497 154 32 possibility
362 1497 28 30 (a
404 1496 26 26 Iα
444 1495 105 27 Gerard
564 1494 137 27 O'Neill's
715 1494 75 31 High

194 1535 126 25 Frontier
344 1533 55 26 and
425 1533 91 30 2081),
544 1532 48 26 but
621 1532 7 25 I
656 1539 44 18 am
727 1539 63 24 very

194 1571 131 32 skeptical
345 1571 57 25 that
423 1569 128 32 military,
571 1568 144 27 industrial
735 1568 54 26 and

194 1609 79 26 other
297 1607 116 33 prestige
437 1607 151 32 objectives
611 1606 53 25 will
688 1606 64 26 take
775 1613 15 18 a

195 1646 69 26 back
276 1650 56 22 seat
345 1650 30 21 to
387 1645 45 26 the
443 1644 62 32 goal
518 1644 34 25 of
561 1643 147 32 supplying
721 1642 69 26 food

195 1683 45 26 the
250 1683 45 25 the
306 1682 111 26 world's
428 1682 116 30 hungry.

228 1723 125 26 Another
367 1722 88 26 threat
469 1725 30 22 to
512 1721 46 26 the
572 1721 104 25 human
690 1727 61 18 race
765 1719 21 26 is

192 1760 45 26 the
283 1758 175 33 exponential
505 1756 204 28 accumulation
754 1756 34 27 of

193 1796 154 26 hazardous
363 1795 54 27 and
433 1795 73 27 toxic
522 1799 107 25 wastes,
647 1793 139 31 including

193 1833 109 27 nuclear
341 1837 106 22 wastes.
489 1831 129 32 Berkeley
657 1830 129 33 physicist

193 1870 102 33 Fritjof
312 1871 92 31 Capra
422 1869 112 32 (author
553 1868 34 26 of
605 1867 56 27 The
682 1868 55 26 Tao
755 1867 37 32 of

192 1908 114 31 Physics
315 1906 55 27 and
384 1906 56 27 The
453 1906 119 31 Turning
582 1905 95 30 Point)
687 1908 100 28 quotes

193 1944 146 27 American
366 1943 109 27 nuclear
500 1949 99 24 energy
623 1945 108 28 experts
756 1948 30 18 as

193 1981 152 33 projecting
377 1981 57 25 that
467 1988 39 17 we
538 1978 38 32 (in
608 1979 45 26 the
683 1977 102 27 United

193 2020 99 29 States)
325 2017 53 26 will
411 2017 70 26 have
513 2015 191 28 accumulated
737 2022 33 24 ap-

193 2055 180 33 proximately
406 2054 48 27 152
483 2054 105 26 million
618 2052 107 32 gallons
754 2051 33 26 of

193 2093 91 33 highly
301 2093 72 26 toxic
390 2091 168 27 radioactive
575 2094 96 22 wastes
687 2089 35 32 by
741 2089 45 26 the

193 2138 62 25 year
266 2131 78 25 2000.

229 2165 23 26 Is
273 2164 145 26 off-world
439 2161 121 33 disposal
582 2161 33 26 of
634 2160 75 26 these
730 2159 55 27 and

192 2202 78 26 other
286 2200 154 27 hazardous
456 2203 96 22 wastes
567 2205 37 19 on
620 2198 45 25 the
679 2197 107 32 agenda

192 2238 32 26 of
241 2238 91 26 future
349 2236 100 27 shuttle
465 2235 144 27 missions?
629 2235 9 25 I
655 2233 130 32 certainly

193 2276 72 32 hope
284 2282 41 23 so,
345 2273 133 33 provided
498 2280 40 18 we
555 2279 51 18 can
625 2270 127 33 engineer
770 2278 17 19 a

193 2313 111 26 booster
321 2315 100 28 system
438 2309 101 27 certain
558 2313 47 21 not
623 2313 30 21 to
670 2308 116 32 explode

192 2357 37 18 on
245 2349 45 26 the
305 2356 58 24 way
378 2352 29 22 to
422 2347 82 27 orbit.
522 2347 51 25 But
589 2345 52 26 this
656 2344 130 32 certainly

192 2385 140 30 achieved,
351 2391 38 19 we
406 2383 52 26 will
476 2383 68 26 have
561 2387 30 21 to
608 2381 75 27 build
700 2389 15 19 a
735 2381 51 26 few

193 2422 138 27 thousand
350 2429 77 18 more
444 2419 114 27 shuttles
577 2424 28 21 to
623 2419 101 26 handle
742 2419 45 25 the

840 411 111 26 volume
961 411 24 26 if
992 412 46 25 the
1048 411 169 33 projections
1228 420 45 18 are
1283 416 136 22 accurate.

876 451 26 25 A
931 449 68 27 final
1028 458 63 18 area
1119 450 35 26 of
1179 458 83 24 grave
1289 450 89 26 threat
1407 455 30 21 to

840 486 173 28 humankind
1039 487 21 27 is
1085 487 123 32 growing
1233 487 121 32 political
1379 492 44 22 ten-

840 524 74 26 sions
949 525 56 26 and
1041 524 171 27 instabilities
1246 525 109 26 around
1390 525 46 26 the

839 561 98 31 world,
957 561 118 32 coupled
1095 561 64 26 with
1179 561 45 26 the
1242 561 193 33 proliferation

840 598 35 26 of
919 598 123 26 modern
1090 606 140 24 weapons
1278 598 35 26 of
1358 606 77 18 mass

839 635 191 27 destruction.

875 676 61 26 Will
955 676 148 27 American
1121 683 81 25 space
1221 674 101 28 shuttle
1340 674 94 33 flights

837 714 106 26 diffuse
963 713 76 27 these
1059 713 157 33 dangerous
1236 713 122 27 tensions
1379 712 54 27 and

838 751 171 27 instabilities
1042 751 55 26 and
1131 750 57 27 halt
1221 750 46 26 the
1299 749 135 33 alarming

837 788 99 33 spread
951 788 35 26 of
998 788 46 26 the
1059 795 94 19 means
1168 787 34 26 of
1215 795 73 18 mass
1302 787 104 26 terror?
1423 787 10 26 I

837 826 81 26 don't
930 825 79 26 recall
1020 825 92 32 seeing
1122 824 53 27 this
1184 824 64 32 goal
1258 832 38 19 on
1307 823 126 28 NASA's

837 862 160 33 operations
1008 862 116 33 agenda.

875 901 9 25 I
901 904 92 22 return
1010 904 30 22 to
1056 900 46 26 the
1118 899 116 32 original
1251 898 138 33 question.
1409 899 24 25 Is

836 945 52 19 our
907 937 120 26 manned
1045 944 81 25 space
1143 944 130 25 program
1291 944 142 23 necessary

837 979 29 22 to
876 982 98 19 ensure
984 974 46 26 the
1040 973 118 27 survival
1169 973 34 27 of
1211 972 173 28 humankind
1395 980 38 20 on

836 1012 54 26 this
900 1011 109 33 planet?

872 1049 42 26 To
925 1049 45 27 the
980 1053 91 23 extent
1083 1049 58 26 that
1153 1048 46 27 the
1210 1048 101 27 shuttle
1322 1048 21 26 is
1354 1055 16 19 a
1382 1048 51 31 key

836 1087 116 26 element
968 1086 28 25 in
1012 1086 137 32 Reagan's
1165 1085 132 32 Strategic
1312 1085 121 26 Defense

837 1123 146 31 Initiative,
1004 1124 10 25 I
1034 1123 93 26 would
1146 1122 33 27 be
1199 1121 118 28 inclined
1336 1127 30 22 to
1384 1129 33 19 an-

836 1168 67 19 swer
922 1160 27 26 in
969 1160 45 27 the
1032 1160 134 32 negative.
1187 1159 197 32 Contributing
1403 1163 30 22 to

836 1198 46 26 the
893 1197 151 27 escalation
1057 1197 34 27 of
1102 1197 46 26 the
1161 1197 111 26 nuclear
1284 1204 74 19 arms
1372 1204 61 18 race

836 1234 22 27 is
889 1238 48 23 not
969 1242 16 18 a
1014 1233 186 27 constructive
1229 1233 143 32 approach
1402 1237 31 22 to

835 1271 130 32 ensuring
977 1271 46 26 the
1035 1270 119 27 survival
1167 1270 34 27 of
1212 1278 54 24 any
1278 1270 103 33 species
1394 1277 37 19 on

835 1308 54 27 this
899 1308 103 33 planet.

869 1348 60 26 Our
943 1347 120 27 manned
1077 1354 82 25 space
1173 1353 129 26 program
1317 1345 112 33 appeals

833 1388 31 23 to
897 1392 53 18 our
984 1384 160 32 pioneering
1179 1383 75 32 spirit
1289 1382 55 26 and
1378 1390 51 18 our

833 1421 141 26 collective
997 1421 69 26 need
1090 1420 45 27 for
1157 1419 270 31 self-actualization,

833 1458 49 27 but
904 1458 54 27 this
979 1458 50 27 has
1051 1458 116 31 nothing
1188 1461 29 23 to
1239 1457 38 26 do
1298 1456 64 27 with
1383 1463 31 19 en-

833 1495 93 32 suring
940 1495 45 26 the
998 1495 100 31 safety,
1113 1494 115 31 security
1241 1493 55 27 and
1311 1492 117 28 survival

833 1532 34 26 of
877 1532 46 26 the
936 1532 104 26 human
1053 1539 71 18 race.
1139 1531 58 26 The
1209 1530 79 27 latter
1300 1537 51 20 can
1363 1530 66 31 only

833 1569 34 27 be
879 1568 129 27 achieved
1022 1568 35 32 by
1069 1576 16 19 a
1098 1568 38 26 lot
1150 1568 34 26 of
1194 1575 63 25 very
1270 1567 69 26 hard
1352 1567 75 26 work

832 1613 38 19 on
881 1606 53 25 this
944 1605 97 26 world.

1219 1640 77 30 Jerry
1307 1640 117 25 Seaman

936 1676 143 26 Associate
1090 1676 142 31 professor
1241 1676 33 25 of
1282 1676 142 32 sociology

827 1755 167 57 Policy
1010 1754 239 49 criticized

831 1856 106 26 Editor:

865 1900 87 31 Many
966 1900 101 26 thanks
1081 1904 30 22 to
1129 1900 55 26 The
1195 1900 123 26 Maroon
1333 1900 45 25 for
1392 1900 33 26 its

829 1936 125 32 in-depth
991 1936 65 26 look
1092 1940 27 22 at
1156 1936 195 26 homosexuals
1386 1944 38 18 on

828 1980 114 25 campus
957 1972 27 26 in
998 1972 46 27 the
1058 1973 72 26 Nov.
1146 1973 35 26 26
1194 1972 80 27 issue.
1290 1973 39 26 As
1343 1980 16 19 a
1372 1980 52 25 gay

828 2009 128 26 alumnus
976 2009 34 26 of
1030 2009 116 32 Loyola,
1169 2010 10 25 I
1200 2009 157 32 appreciate
1378 2009 46 27 the

828 2045 150 32 sensitivity
995 2046 64 25 with
1077 2046 88 26 which
1182 2046 46 26 the
1245 2046 106 32 subject
1368 2054 55 18 was

828 2082 90 31 dealt,-
937 2082 55 27 and
1019 2083 8 26 I
1055 2082 69 28 have
1149 2090 16 19 a
1191 2082 52 28 few
1268 2087 155 23 comments

827 2120 166 32 concerning
1006 2127 46 24 my
1063 2120 160 32 experience
1234 2124 28 22 at
1276 2120 107 32 Loyola
1394 2127 29 19 as

827 2165 16 17 a
853 2165 51 23 gay
914 2157 121 26 student.

863 2193 79 31 First,
955 2194 121 26 whether
1087 2202 31 18 or
1131 2198 48 22 not
1191 2194 46 26 the
1251 2195 66 25 Rev.
1332 2195 91 25 James

827 2231 33 26 C.
873 2231 107 30 Carter,
992 2231 70 31 S.J.,
1074 2231 147 32 university
1231 2231 149 33 president,
1392 2239 31 19 or

827 2268 45 26 the
890 2268 151 32 presidents
1059 2268 34 26 of
1108 2269 46 25 the
1173 2268 166 27 fraternities
1356 2269 66 25 wish

827 2309 29 22 to
876 2305 196 31 acknowledge
1092 2306 46 25 the
1159 2305 66 31 fact,
1247 2306 75 25 there
1343 2314 45 18 are
1407 2313 16 19 a

826 2342 163 27 substantial
1003 2342 116 27 number
1132 2342 33 27 of
1177 2342 195 27 homosexuals
1384 2350 38 19 on

826 2387 124 25 campus.
974 2380 65 26 This
1062 2380 122 26 includes
1206 2380 125 27 students
1353 2381 67 31 (yes,

826 2418 148 25 members
1029 2417 35 26 of
1120 2417 186 26 fraternities
1362 2418 59 25 and

1478 417 177 31 sororities!),
1680 417 156 33 employees
1861 420 55 26 and
1940 421 132 32 teachers,

1478 453 68 26 both
1557 453 44 33 lay
1610 454 55 26 and
1676 454 96 27 Jesuit.

1514 494 96 26 Carter
1621 493 89 27 stated
1721 493 27 26 in
1759 494 46 26 the
1815 494 93 26 article
1919 494 58 27 that

1477 537 30 20 as
1520 530 106 33 Loyola
1637 535 103 22 cannot
1751 530 129 28 condone
1892 531 180 27 homosexual

1477 568 143 30 behavior,
1658 567 20 27 it
1714 572 104 22 cannot
1853 569 130 26 condone
2018 577 54 24 any

1477 604 174 32 persecution
1665 604 34 27 of
1710 605 80 26 those
2017 606 54 26 and

1476 641 60 27 that
1636 641 148 33 university
1798 641 92 27 would
1906 650 97 18 censor
2018 650 54 25 any

1477 678 105 32 faculty
1595 679 123 26 member
1731 678 24 26 if
1767 679 45 26 the
1826 686 100 25 person
1940 679 131 27 ridiculed

1475 723 17 18 a
1502 715 110 26 student
1624 715 44 26 for
1678 715 80 32 being

1512 752 146 32 However,
1702 752 34 26 he
1778 752 60 27 also
1881 753 88 26 stated
2012 753 59 26 that

1476 789 173 32 "Loyola's
1700 793 162 23 statement
1912 789 36 27 of
1996 798 57 19 non-

1475 826 219 27 discrimination
1727 827 68 26 does
1829 831 49 22 not
1912 827 109 27 include
2055 835 16 19 a

1473 863 99 27 clause
1618 864 171 32 preventing
1834 864 235 27 discrimination

1473 900 107 33 against
1593 901 93 27 sexual
1700 901 167 27 orientation
1884 923 6 5 .
1908 900 4 33 .
1932 923 5 5 .
1953 902 116 27 because

1473 939 35 26 he
1524 939 21 26 is
1562 943 49 22 not
1627 946 89 20 aware
1732 939 34 26 of
1780 947 54 25 any
1850 939 217 27 discrimination

1473 975 107 33 against
1590 976 195 27 homosexuals
1796 981 26 22 at
1834 977 105 32 Loyola

1509 1014 70 30 Gee,
1626 1013 116 32 thanks,
1791 1014 45 26 Fr.
1884 1015 103 26 Carter
2033 1029 33 4 —

1473 1050 195 27 homosexuals
1702 1059 45 18 are
1781 1051 27 26 in
1842 1051 58 27 dire
1933 1052 67 26 need
2034 1051 35 27 of

1472 1088 156 32 protection
1655 1088 106 33 against
1789 1088 122 32 ridicule,
1940 1089 48 26 but
2017 1093 48 22 not

1471 1125 107 31 against
1588 1125 229 27 discrimination.

1507 1160 65 27 This
1591 1160 161 33 dichotomy
1772 1161 34 26 of
1823 1161 131 32 Loyola's
1974 1161 92 32 policy

1471 1198 106 27 toward
1597 1198 195 28 homosexuals
1812 1198 22 27 is
1854 1199 211 32 representative

1470 1235 34 27 of
1520 1235 44 27 the
1581 1235 162 33 dichotomy
1762 1236 89 26 found
1869 1236 26 26 in
1914 1237 46 26 the
1978 1236 86 33 larger

1470 1273 75 31 body
1563 1273 34 26 of
1613 1273 46 26 the
1678 1273 122 26 Church.
1820 1273 58 27 The
1898 1273 74 27 basic
1991 1278 73 22 tenet

1470 1309 88 27 which
1575 1311 10 25 I
1602 1310 65 26 hear
1683 1318 31 18 so
1730 1310 79 26 often
1827 1310 74 26 from
1917 1310 97 32 priests
2031 1310 31 27 is:

1531 1347 22 27 is
1568 1352 49 22 not
1632 1347 128 27 immoral
1777 1352 30 22 to
1822 1348 34 26 be
1871 1347 192 32 homosexual,

1466 1385 56 32 just
1558 1389 29 22 to
1622 1385 163 32 participate
1819 1385 27 26 in
1882 1385 182 27 homosexual

1502 1458 72 27 This
1624 1459 23 26 is
1697 1459 182 26 ridiculous!
1934 1459 128 27 Modern

1467 1496 205 33 psychology
1726 1503 42 20 no
1822 1496 115 33 longer
1990 1496 73 27 lists

1466 1532 222 33 homosexuality
1709 1540 30 19 as
1762 1541 16 18 a
1801 1533 102 27 mental
1926 1534 135 30 disorder,

1466 1569 45 27 i.e.
1526 1569 82 33 being
1620 1570 34 26 of
1665 1570 181 26 homosexual
1859 1570 169 27 orientation
2040 1570 22 26 is

1637 1607 44 27 for
1696 1615 77 19 some
1787 1607 108 33 people.
1912 1608 38 26 So
1964 1607 61 33 why
2039 1607 22 27 is

1465 1644 20 26 it
1694 1644 45 27 for
1754 1652 17 19 a
1786 1651 53 25 gay
1855 1651 101 25 person
1972 1649 29 22 to
2017 1649 43 22 act

1465 1688 77 24 upon
1571 1680 42 27 his
1642 1681 75 26 basic
1746 1681 167 26 orientation
1944 1681 23 26 if
1995 1681 65 27 God

1464 1717 109 27 created
1587 1717 56 27 him
1658 1717 57 28 that
1729 1726 70 24 way,
1813 1717 144 33 especially
1971 1718 23 26 if
2006 1717 18 28 it
2038 1718 22 27 is

1464 1754 28 26 in
1502 1761 17 20 a
1528 1754 103 33 loving,
1642 1755 162 26 committed
1814 1755 196 32 relationship?

1500 1791 58 26 The
1574 1791 126 32 problem
1717 1792 34 26 of
1766 1791 221 33 homosexuality
2005 1792 55 26 and

1464 1828 47 26 the
1534 1828 113 27 Church
1670 1828 22 27 is
1716 1833 48 22 not
1788 1828 222 33 homosexuality
2033 1828 28 27 in

1465 1865 84 31 itself,
1569 1865 49 26 but
1636 1865 91 27 rather
1746 1872 15 19 a
1780 1870 60 27 part
1861 1866 33 25 of
1911 1866 45 26 the
1975 1866 86 32 larger

1464 1901 126 32 problem
1610 1902 45 25 the
1674 1902 111 26 Church
1805 1902 48 26 has
1873 1902 63 26 with
1956 1903 103 26 human

1463 1938 133 32 sexuality
1613 1953 33 4 —
1662 1938 55 27 and
1735 1938 44 28 the
1796 1939 127 32 problem
1940 1938 52 27 will
2010 1944 48 22 not

1462 1982 35 24 go
1509 1982 77 25 away
1597 1982 81 20 soon.
1692 1977 26 24 A
1728 1976 112 26 Church
1852 1976 75 32 body
1938 1976 119 32 brought

1463 2020 37 24 up
1511 2019 37 19 on
1561 2012 41 26 sin
1614 2012 55 26 and
1681 2012 77 32 guilt,
1773 2012 92 27 whose
1878 2012 70 27 rules
1961 2021 45 18 are
2019 2017 38 22 set

1463 2049 34 32 by
1516 2057 16 19 a
1549 2049 90 33 clergy
1658 2049 149 27 forbidden
1825 2054 30 22 to
1873 2058 92 24 marry
1983 2050 74 32 (how

1628 2087 21 26 is
1659 2087 88 31 that?)
1757 2087 53 26 will
1821 2092 48 22 not
1881 2095 70 19 soon
1962 2093 94 27 accept

1462 2124 52 26 this
1525 2124 160 27 alternative
1695 2124 125 32 lifestyle.

1500 2159 21 25 It
1541 2159 21 25 is
1580 2159 66 31 only
1664 2166 62 19 now
1745 2159 58 26 that
1823 2166 76 19 some
1918 2163 100 28 leeway
2037 2167 21 18 is

1464 2195 80 32 being
1574 2196 81 26 made
1686 2196 43 26 for
1759 2196 45 26 the
1834 2201 164 27 acceptance
2026 2196 35 27 of

1464 2233 194 26 homosexuals
1670 2233 26 25 in
1708 2233 103 32 society
1822 2242 29 17 as
1863 2242 16 17 a
1891 2233 98 31 whole,
2003 2234 54 25 and

1464 2269 17 27 it
1497 2269 52 27 will
1564 2270 33 26 be
1611 2278 66 19 even
1692 2270 94 32 longer
1801 2270 44 27 for
1860 2270 57 27 that
1933 2275 28 22 to
1975 2278 82 19 occur

1464 2307 26 26 in
1509 2308 45 25 the
1572 2307 112 26 Church
1702 2308 55 26 and
1776 2308 115 31 Loyola.
1912 2308 53 26 For
1984 2315 72 23 now,

1465 2350 40 18 we
1525 2350 51 24 gay
1597 2345 124 25 students
1741 2350 72 21 must
1835 2347 32 25 be
1888 2347 123 31 resigned
2031 2351 30 21 to

1464 2386 52 19 our
1545 2380 99 27 closets
1674 2396 33 4 —
1736 2386 27 22 at
1794 2382 66 27 least
1891 2383 68 26 until
1989 2383 71 26 after

1464 2417 176 31 graduation.
1851 2422 103 26 Robert
1965 2424 103 25 Martin

2113 422 155 48 AIDS
2285 425 133 46 week

2110 493 106 25 Editor:

2144 529 57 26 The
2215 529 119 31 hysteria
2348 537 65 18 over
2426 528 141 33 Acquired
2584 530 124 25 Immune

2110 565 159 33 Deficiency
2317 565 155 32 Syndrome
2519 565 23 27 is
2590 565 118 33 running

2109 607 126 27 rampant
2255 610 94 19 across
2369 602 128 27 America
2517 603 55 26 and
2591 603 116 32 colleges

2108 639 55 26 and
2184 639 171 27 universities
2376 647 47 18 are
2445 639 80 26 faced
2547 639 73 32 daily
2642 639 64 26 with

2108 676 134 31 students,
2270 676 105 32 faculty
2399 676 55 26 and
2480 676 72 27 staff
2575 676 62 27 who
2662 684 45 19 are

2107 713 112 27 carriers
2230 714 33 26 of
2271 714 46 26 the
2327 713 116 27 disease.

2144 751 116 31 Loyola,
2286 750 180 32 fortunately,
2492 750 50 26 has
2564 755 48 21 not
2638 751 67 26 been

2108 787 79 27 faced
2202 788 64 26 with
2282 796 54 23 any
2351 787 67 27 such
2433 787 148 27 situations
2597 788 48 26 but
2661 788 45 26 the

2107 825 65 26 time
2193 830 28 21 to
2243 825 80 33 begin
2346 825 179 32 preparation
2548 825 45 26 for
2614 825 92 33 policy

2106 862 136 26 decisions
2253 863 20 25 is
2284 870 73 19 now.

2143 899 113 27 Vincent
2281 901 29 24 P.
2336 899 125 33 Knifing,
2486 899 58 27 vice
2566 899 137 33 president

2107 937 43 26 for
2179 937 110 26 student
2318 937 111 31 affairs,
2460 937 170 26 formulated
2659 937 46 26 the

2105 974 87 27 AIDS
2232 974 60 27 task
2334 974 77 27 force
2451 974 89 27 which
2581 974 123 27 includes

2105 1012 225 31 representatives
2359 1012 73 25 from
2460 1011 109 27 student
2599 1012 103 30 health,

2105 1048 166 26 Residential
2305 1048 71 31 Life,
2410 1048 104 32 faculty
2546 1048 55 26 and
2635 1048 71 26 staff

2104 1090 117 26 senates,
2253 1085 46 27 the
2328 1084 87 28 Jesuit
2444 1085 175 32 community
2647 1085 55 27 and

2104 1122 108 32 myself.

2139 1160 49 26 We
2218 1167 46 19 are
2296 1159 181 32 formulating
2508 1167 15 18 a
2554 1159 148 33 university

2103 1197 87 25 AIDS
2228 1196 92 32 policy
2359 1196 55 26 and
2452 1204 34 18 an
2525 1196 177 27 educational

2103 1240 129 25 program
2271 1238 29 22 to
2336 1233 139 32 enlighten
2513 1233 45 27 the
2596 1233 106 33 Loyola

2102 1270 174 28 communitv
2286 1270 26 26 in
2323 1275 84 21 terms
2417 1270 34 26 of
2459 1270 46 26 the
2514 1270 116 26 disease.

2141 1307 64 26 Feb.
2228 1309 72 25 17-21
2321 1309 53 26 will
2392 1310 34 26 be
2442 1311 88 26 AIDS
2547 1311 155 27 Education

2105 1344 83 26 Week
2205 1352 36 19 on
2257 1353 125 24 campus.
2400 1346 88 27 There
2504 1347 52 26 will
2573 1348 33 26 be
2622 1349 79 32 panel

2103 1380 168 28 discussions
2291 1382 63 27 with
2374 1388 118 28 experts,
2514 1384 83 32 films,
2620 1386 66 26 fund-

2103 1417 96 26 raisers
2210 1419 54 26 and
2275 1420 79 25 other
2365 1421 142 26 activities.

2140 1463 48 25 We
2199 1471 45 18 are
2254 1463 36 26 all
2302 1463 123 26 affected
2437 1463 35 31 by
2484 1463 86 26 AIDS
2581 1465 55 24 and
2649 1465 18 24 it
2680 1471 21 18 is

2103 1507 51 19 our
2170 1499 203 33 responsibility
2388 1504 30 22 to
2433 1499 74 27 learn
2523 1507 77 19 more
2613 1500 86 26 about

2103 1537 45 25 the
2172 1537 115 26 disease.
2315 1537 87 31 Many
2426 1537 80 26 don't
2533 1537 97 26 realize
2655 1537 46 27 the

2101 1573 98 26 effects
2237 1581 45 19 are
2321 1581 62 18 now
2420 1579 133 26 apparent
2591 1574 26 26 in
2655 1574 45 26 the

2102 1611 188 26 heterosexual
2306 1611 174 31 community
2495 1619 30 17 as
2542 1611 67 26 well.
2628 1613 39 24 As
2684 1620 15 17 a

2100 1655 115 25 campus
2235 1648 101 31 leader,
2359 1649 7 25 I
2387 1653 72 22 must
2480 1656 147 19 overcome
2646 1656 53 25 any

2100 1685 130 27 attitudes
2258 1686 34 26 of
2317 1693 45 24 my
2389 1693 62 18 own
2480 1686 55 26 and
2564 1686 60 26 lead
2652 1686 46 26 the

2100 1722 99 32 charge
2216 1723 34 25 of
2268 1723 79 25 those
2365 1722 63 26 who
2447 1723 67 26 need
2535 1727 29 21 to
2583 1723 114 26 become

2099 1759 145 27 educated.

2137 1797 48 26 It's
2196 1797 160 32 imperative
2367 1797 58 26 that
2437 1804 38 19 we
2487 1797 60 26 find
2558 1805 34 19 an
2603 1797 54 27 end
2669 1802 28 21 to

2101 1834 45 26 the
2176 1834 120 26 ravishes
2325 1834 33 26 of
2387 1835 86 25 AIDS
2502 1834 26 26 in
2558 1834 138 27 America.

2102 1871 85 25 Work
2204 1876 71 21 must
2291 1871 34 26 be
2339 1871 74 25 done
2429 1871 25 25 in
2470 1871 55 26 and
2542 1876 46 21 out
2605 1871 35 26 of
2652 1871 46 26 the

2100 1907 169 33 laboratory.
2291 1908 94 26 Please
2401 1907 59 33 join
2480 1915 42 19 me
2540 1908 25 26 in
2585 1908 111 32 moving

2100 1944 25 25 in
2137 1944 57 26 that
2205 1945 145 26 direction.

2319 1984 92 30 Byron
2422 1984 116 29 Arthur,
2550 1984 141 25 President

2186 2019 114 26 Student
2312 2020 190 26 Government
2514 2021 177 24 Association

2113 2138 162 44 publication*
2276 2161 38 21 the
2337 2140 124 42 following

2114 2193 61 17 must
2190 2190 27 20 be
2231 2191 124 22 submitted
2369 2193 30 25 by
2414 2193 15 22 4
2441 2199 56 21 p.m.
2516 2194 102 27 Monday
2629 2195 44 26 for

2112 2219 141 25 publication
2272 2221 38 22 the
2325 2221 119 28 following
2464 2224 80 25 Friday
2561 2231 25 16 as
2604 2232 67 20 space

2111 2249 100 25 permits.
2241 2250 153 23 Submissions
2422 2253 43 21 will
2491 2254 27 21 be
2545 2254 74 22 edited
2646 2259 23 17 lo

2113 2278 105 26 conform
2243 2283 25 19 to
2292 2287 130 22 newspaper
2446 2283 62 25 style.
2534 2285 61 21 Send
2617 2286 40 21 sub-

2112 2308 105 23 missions
2225 2310 30 26 by
2260 2317 93 21 campus
2361 2313 60 23 mail,
2436 2315 5 7 '
2445 2313 43 22 The
2496 2314 119 24 Maroon,'
2621 2316 48 21 Box

2113 2338 35 25 64,
2164 2345 27 14 or
2204 2340 64 27 bring
2282 2341 60 22 them
2358 2345 24 17 to
2396 2342 37 22 the
2446 2349 130 21 newspaper
2589 2345 77 26 office,

2112 2368 43 22 329
2162 2370 298 24 Communications/Music
2469 2374 116 27 Complex.

229 2496 555 133 Verbatim

2339 2557 132 63 Man
2495 2556 115 61 Bail

187 2707 569 94 Prostitutes
825 2720 107 81 to
998 2707 134 93 do
1186 2708 164 95 the
1414 2710 244 93 trick
1716 2710 157 93 for
1938 2718 172 88 La.
2153 2737 483 87 economy

193 2861 270 122 Gambling,
487 2883 36 18 an
546 2875 54 26 end
623 2879 31 22 to
678 2874 122 33 political
823 2873 172 33 corruption,

329 2919 17 19 a
380 2911 52 27 rise
465 2911 28 27 in
527 2911 37 27 oil
599 2911 97 33 prices,
733 2919 57 19 new
825 2911 105 27 leaders
965 2925 32 4 —

330 2948 75 27 these
423 2955 45 20 are
485 2949 66 31 only
568 2956 16 19 a
602 2948 53 27 few
673 2948 33 27 of
722 2948 45 26 the
784 2955 137 25 panaceas
938 2947 59 26 that

189 2987 70 27 have
280 2986 68 26 been
371 2985 213 26 recommended
607 2985 45 26 for
674 2986 66 25 New
762 2985 128 26 Orleans'
914 2983 83 33 ailing

188 3030 146 24 economy.
360 3022 81 27 None
465 3021 70 28 have
558 3022 46 27 the
628 3021 133 33 potential
786 3026 29 22 to
838 3021 80 33 bring
942 3020 55 27 real

187 3060 145 27 economic
341 3060 78 32 vigor
429 3059 70 27 back
510 3059 59 27 into
579 3060 46 26 the
634 3060 64 32 city.

224 3096 183 28 Prostitution
417 3096 21 26 is
448 3096 46 26 the
503 3104 115 18 answer.

225 3133 142 34 Legalized
399 3132 180 33 prostitution
612 3132 52 27 will
697 3137 48 22 not
778 3132 66 33 only
877 3132 120 27 increase

188 3171 126 31 tourism,
341 3170 50 28 but
417 3170 19 27 it
463 3170 52 26 will
541 3170 60 26 also
627 3175 127 27 generate
779 3176 118 20 revenue
922 3169 74 26 from

189 3209 149 27 Louisiana
353 3208 132 26 residents
500 3214 29 20 as
546 3206 69 27 well.
634 3207 39 32 By
688 3207 142 32 legalizing
845 3206 48 26 the
907 3206 89 27 oldest

188 3246 168 34 profession,
365 3245 65 32 jobs
441 3244 53 26 will
504 3244 35 26 be
548 3244 109 26 created
668 3243 45 27 for
723 3243 151 31 hundreds,
885 3243 56 26 and
951 3242 46 27 the

187 3283 144 30 economic
341 3281 119 28 benefits
470 3280 53 28 will
534 3280 67 28 flow
610 3280 120 34 through
740 3280 47 27 the
795 3280 90 27 whole
894 3284 80 23 state.

223 3322 26 26 A
261 3320 53 33 trip
327 3325 30 22 to
370 3319 133 28 Bourbon
516 3319 86 27 Street
615 3318 54 27 will
682 3318 69 27 have
762 3325 37 19 an
811 3317 114 32 entirely
938 3325 58 18 new

187 3358 138 33 meaning.
344 3357 141 27 Renamed
502 3355 130 28 Bordello
648 3356 80 30 Row,
745 3355 19 26 it
779 3354 54 26 will
848 3361 38 19 no
901 3353 95 33 longer

187 3396 34 27 be
230 3403 17 19 a
256 3395 72 32 dirty
337 3394 55 27 and
402 3391 187 29 stench-filled
599 3396 80 23 street
690 3391 111 33 reeking
811 3391 34 27 of
853 3391 74 31 beer,
938 3390 58 27 vice

187 3433 55 27 and
253 3432 88 32 cheap
351 3430 169 28 souveniers.
535 3430 22 27 It
568 3430 54 26 will
633 3430 34 27 be
678 3429 88 31 clean,
778 3429 66 26 with
855 3427 141 33 tastefully

187 3468 130 34 designed
347 3475 59 21 new
437 3467 123 28 brothels
590 3466 139 34 replacing
759 3466 46 27 the
834 3465 65 33 ugly
928 3465 68 27 little

187 3507 148 33 boutiques
358 3506 59 27 that
440 3504 66 33 only
529 3504 81 27 make
631 3512 18 19 a
671 3503 87 34 profit
781 3503 99 33 during
904 3502 91 27 Mardi

186 3545 82 26 Gras.

222 3599 109 29 Instead
344 3598 36 28 of
390 3598 82 34 being
485 3599 129 27 accosted
627 3599 36 33 by
676 3599 132 27 barroom
821 3606 108 20 owners
942 3599 55 27 and

185 3637 101 28 arcade
303 3635 168 34 employees,
491 3635 131 28 Bordello
640 3637 69 26 Row
727 3635 109 28 visitors
854 3636 53 26 will
926 3636 71 27 walk

1034 2874 83 25 down
1135 2874 44 27 the
1196 2879 80 22 street
1293 2874 55 27 and
1365 2873 118 27 window
1499 2873 72 32 shop
1588 2873 44 26 for
1648 2880 36 19 an
1701 2873 143 26 attractive

1035 2910 62 33 lady
1107 2918 32 19 or
1149 2911 157 33 gentleman
1316 2911 34 27 of
1357 2911 46 27 the
1413 2910 86 33 night.

1070 2949 64 30 Yes,
1151 2948 75 27 there
1241 2955 64 25 may
1321 2948 33 26 be
1369 2955 16 19 a
1401 2947 126 32 problem
1543 2947 64 26 with
1623 2947 130 30 diseases,
1770 2946 73 27 since

1034 2984 75 27 there
1128 2984 21 27 is
1168 2993 37 18 no
1227 2986 49 26 100
1293 2989 109 28 percent
1422 2992 58 24 way
1499 2988 29 22 to
1546 2983 108 27 control
1673 2983 97 32 herpes
1787 2983 55 27 and

1033 3021 80 28 other
1128 3022 67 27 such
1209 3021 165 28 afflictions.
1393 3022 51 26 But
1460 3028 83 25 many
1557 3021 34 26 of
1604 3021 45 26 the
1665 3020 109 27 visitors
1789 3020 53 26 will

1033 3058 35 27 be
1085 3059 73 26 from
1175 3063 49 22 out
1242 3059 35 26 of
1291 3063 70 22 state
1378 3059 55 26 and
1450 3058 65 32 long
1532 3065 72 24 gone
1620 3057 97 27 before
1732 3065 54 24 any
1803 3056 26 27 in-

1032 3094 137 28 dications
1184 3095 34 26 of
1230 3095 26 26 ill
1273 3095 92 26 health
1380 3095 77 26 show
1472 3102 48 24 up.
1537 3094 64 26 And
1618 3094 44 26 for
1677 3094 46 26 the
1737 3093 105 27 natives

1033 3132 63 27 who
1108 3139 47 20 are
1167 3132 133 31 affected,
1315 3131 75 27 there
1404 3131 52 27 will
1470 3131 34 28 be
1516 3131 103 27 several
1632 3131 93 27 health
1737 3136 105 22 centers

1032 3170 134 26 scattered
1176 3176 92 20 across
1278 3169 47 27 the
1334 3169 64 32 city.

1067 3217 88 27 These
1190 3218 91 27 health
1317 3223 105 22 centers
1458 3218 53 26 will
1548 3217 115 33 provide
1697 3217 65 33 jobs
1798 3217 44 26 for

1030 3260 151 21 numerous
1200 3256 124 30 doctors,
1345 3263 105 23 nurses,
1471 3255 45 26 lab
1536 3254 168 27 technicians
1723 3254 55 27 and
1797 3254 46 27 the

1030 3290 63 27 like.

1066 3343 80 26 More
1156 3350 127 19 revenue.
1295 3342 82 26 More
1384 3341 76 32 jobs.

1066 3379 64 27 And
1150 3386 78 20 more
1247 3378 128 33 reported
1395 3378 132 26 incomes.
1550 3376 142 31 Hookers,
1712 3375 63 27 who
1795 3382 46 20 are

1030 3424 62 19 now
1105 3416 134 27 ashamed
1251 3415 55 27 and
1319 3414 125 33 working
1457 3414 181 31 undercover,
1652 3413 54 27 will
1719 3413 51 27 rise
1782 3418 31 21 to
1825 3420 17 19 a

1030 3462 58 18 new
1110 3457 87 23 status
1220 3452 27 27 in
1270 3452 113 33 society.
1406 3452 77 32 They
1505 3451 53 27 will
1581 3451 82 27 make
1683 3457 37 20 an
1742 3450 98 26 honest

1030 3490 94 33 living,
1140 3490 56 28 and
1211 3490 46 28 the
1273 3495 75 22 taxes
1363 3490 64 32 they
1443 3496 53 26 pay
1511 3488 54 27 will
1580 3488 64 33 help
1659 3488 116 27 educate
1789 3495 53 18 our

1030 3528 133 31 children,
1173 3532 46 23 cut
1229 3527 84 27 down
1322 3534 39 20 on
1370 3526 94 28 crime.

1065 3565 133 28 Children
1212 3564 64 27 who
1289 3564 64 33 play
1367 3564 111 32 hookey
1493 3563 74 27 from
1581 3562 97 28 school
1692 3562 56 28 and
1763 3562 79 27 loiter

1030 3603 27 27 in
1074 3603 46 27 the
1135 3606 96 24 streets
1248 3602 75 27 from
1339 3602 17 27 8
1371 3608 67 20 a.m.
1457 3605 30 23 to
1502 3601 18 27 4
1530 3608 86 36 p.m.,
1634 3599 116 34 shoplift
1768 3600 74 26 from

1030 3640 77 27 Time
1134 3640 84 28 Saver
1243 3639 56 28 and
1324 3638 145 28 vandalize
1494 3638 53 27 will
1575 3636 97 34 finally
1697 3637 34 27 be
1757 3636 85 33 doing

1872 2871 156 31 something
2043 2871 43 25 for
2098 2871 114 32 society.
2225 2872 77 31 They
2314 2871 53 26 will
2380 2871 33 26 be
2425 2876 49 27 put
2486 2875 30 21 to
2529 2871 86 30 work,
2628 2871 56 26 and

1872 2908 45 25 the
1929 2915 101 24 money
2041 2907 63 32 they
2117 2907 80 32 bring
2209 2907 26 27 in
2247 2908 54 26 will
2313 2916 36 24 go
2362 2912 29 21 to
2403 2908 45 25 the
2460 2907 96 26 school
2569 2912 115 27 systems

1872 2944 63 33 they
1945 2944 100 27 should
2056 2944 34 27 be
2099 2944 123 27 enrolled
2233 2944 37 27 in.

1907 2982 81 25 None
2001 2981 34 26 of
2047 2981 46 26 the
2105 2981 162 27 alternative
2280 2981 137 27 solutions
2431 2986 30 21 to
2475 2982 65 25 New
2555 2982 127 25 Orleans'

1871 3017 83 32 ailing
1972 3025 138 24 economy
2128 3026 78 24 carry
2225 3018 45 26 the
2289 3018 118 26 benefits
2426 3018 58 26 that
2504 3018 179 32 prostitution

1870 3054 79 27 does.

1906 3091 46 27 Oil
1967 3091 87 33 prices
2069 3097 103 21 cannot
2189 3092 33 26 be
2236 3092 167 31 controlled,
2419 3099 33 19 so
2468 3092 17 27 it
2502 3092 21 26 is
2539 3092 144 26 economic

1871 3128 103 27 suicide
1984 3133 30 22 to
2024 3129 55 31 rely
2089 3137 37 18 on
2137 3129 75 26 them
2222 3134 30 21 to
2264 3129 67 33 keep
2341 3129 47 27 the
2397 3134 71 22 state
2477 3129 99 26 afloat.

1906 3165 152 33 Gambling
2086 3166 55 26 and
2171 3166 132 32 lotteries,
2333 3166 135 32 although
2498 3166 63 32 they
2590 3166 92 26 would

1870 3207 128 29 generate
2015 3210 77 20 some
2108 3203 155 28 additional
2280 3211 128 24 revenue,
2426 3203 92 27 would
2536 3209 48 21 not
2602 3203 81 27 make

1871 3241 67 26 New
1960 3240 117 27 Orleans
2100 3240 47 26 the
2169 3240 135 34 booming
2327 3241 162 32 metropolis
2512 3241 55 26 and
2590 3241 92 26 sexual

1871 3285 93 19 mecca
1973 3277 59 27 that
2043 3277 181 32 prostitution
2235 3278 102 27 would.

1906 3314 136 33 Cleaning
2060 3323 38 24 up
2115 3322 53 19 our
2187 3315 122 32 political
2327 3320 101 27 system
2448 3315 20 26 is
2488 3314 125 33 virtually
2634 3314 33 27 im-

1871 3352 130 33 possible.
2026 3352 45 27 All
2094 3360 64 20 men
2181 3360 46 20 are
2250 3352 152 33 inherently
2423 3352 62 31 evil,
2509 3352 55 27 and
2587 3352 27 27 in
2637 3352 45 27 the

1871 3389 122 33 political
2009 3397 95 24 arena,
2120 3389 19 28 it
2156 3390 21 26 is
2194 3390 160 34 impossible
2370 3395 29 21 to
2414 3390 109 26 control
2540 3390 45 26 the
2601 3390 80 32 greed

1870 3426 56 27 and
1936 3426 176 28 self-interest
2122 3427 36 27 of
2165 3427 176 28 individuals.

1906 3464 65 26 And
1991 3464 118 32 besides,
2129 3464 99 33 setting
2247 3472 37 25 up
2303 3463 121 28 brothels
2443 3463 93 27 would
2556 3464 33 26 be
2607 3471 16 19 a
2643 3463 37 27 lot

1870 3501 85 27 easier
1973 3516 33 5 —
2023 3501 47 28 the
2086 3501 104 33 perfect
2208 3501 121 28 solution
2348 3501 44 27 for
2409 3501 193 27 Louisianians
2619 3501 63 27 who

1871 3539 54 27 like
1933 3539 84 33 quick
2027 3539 148 27 solutions,

1885 3589 4 14 i
2419 3589 15 1 ~

1868 3608 76 27 Mari
1957 3608 66 26 Bari
2035 3608 24 26 is
2071 3608 138 27 Editorial
2220 3609 101 27 Editor
2333 3609 38 33 of
2385 3609 66 27 'The
2463 3610 149 26 Maroon.'
2624 3610 59 26 Her

1868 3645 114 27 column
1992 3651 119 27 appears
2118 3650 82 28 every
2209 3646 81 27 other
2300 3646 82 27 week.

500 27 5 6 «

212 113 205 33 February
428 115 151 31 7,1986

1332 115 64 36 gy
1406 115 200 31 MAROQW

2500 84 206 76 7
