2887 3737
197 123 163 62 1986
376 121 226 62 Mardi
622 120 168 62 Gras
801 126 231 68 poster
1049 117 224 72 inside,
1300 135 109 43 see
1427 117 365 77 centerfold

174 222 386 281 The
688 222 1998 281 MAROON

191 538 94 38 Vol.
302 538 72 47 64,
390 541 76 36 No.
488 541 53 36 15

754 538 165 47 Loyola
934 538 279 47 University,
1230 539 107 37 New
1351 540 207 45 Orleans,
1576 540 243 39 Louisiana
1846 542 150 37 70118

2256 538 233 47 February
2504 541 41 44 7,
2566 542 116 37 1986

187 648 398 119 Fiscal
617 648 329 151 jam:
995 648 521 119 Tuition
1569 648 301 122 rises
1921 650 152 118 12
2116 663 516 136 percent

361 875 37 30 By
410 875 73 25 Rene
494 875 122 26 Sanchez

318 912 53 24 and
384 912 88 29 Becky
484 912 171 25 Westerlund

394 948 79 31 Staff
481 949 101 24 writers

226 1027 104 30 Loyola
368 1027 51 25 will
458 1027 69 26 raise
564 1028 220 31 undergraduate

190 1063 97 26 tuition
315 1063 68 28 $592
410 1069 62 20 next
499 1065 139 25 academic
666 1072 62 24 year
756 1070 28 20 to

190 1100 104 32 replace
318 1101 82 26 funds
423 1101 51 26 lost
499 1106 28 21 to
549 1106 68 21 state
639 1102 143 30 cutbacks,

188 1138 148 32 dwindling
353 1138 162 27 enrollment
533 1139 55 26 and
605 1147 15 18 a
637 1139 145 32 depressed

188 1175 69 26 local
284 1183 145 24 economy,
457 1177 165 25 announced
649 1177 73 26 John
752 1178 29 25 L.

188 1212 146 31 Eckholdt,
357 1214 55 25 vice
433 1213 134 32 president
591 1214 43 25 for
656 1215 126 25 Business

187 1249 54 26 and
253 1249 126 27 Finance.

222 1287 57 25 The
299 1287 118 27 increase
438 1295 54 18 was
511 1287 59 27 also
591 1296 141 24 necessary
753 1293 29 22 to

186 1324 85 25 offset
296 1325 129 31 Loyola's
449 1325 75 25 fiscal
547 1326 176 31 dependence
744 1333 37 19 on

187 1361 91 26 WWL
292 1361 77 26 radio
383 1362 53 25 and
450 1361 152 31 television,
618 1363 92 25 whose
725 1368 57 21 rate

185 1398 33 25 of
235 1398 105 31 growth
362 1398 48 27 has
429 1398 148 27 continued
599 1404 28 21 to
647 1399 132 31 stabilize,

187 1435 47 25 Dr.
250 1436 123 25 Norman
389 1436 133 29 Roussell,
536 1436 141 26 chairman
691 1437 33 25 of
736 1437 45 26 the

186 1471 154 32 University
352 1472 103 31 Budget
467 1473 177 30 Committee,
656 1473 69 26 said.

380 1509 21 25 is
431 1508 25 26 in
487 1509 128 26 excellent
649 1509 129 27 financial

185 1545 101 25 health.
303 1546 47 24 It's
361 1546 55 31 just
430 1553 15 18 a
458 1546 95 31 period
566 1547 33 24 of
610 1547 167 31 adjustment

187 1581 42 26 for
246 1582 44 26 the
506 1583 122 25 Roussell
645 1583 68 26 said.

184 1619 129 31 certainly
334 1627 138 24 pressures
493 1627 29 19 us
544 1619 58 27 into
622 1627 15 19 a
657 1620 120 32 position

185 1655 87 26 where
290 1656 123 26 students
433 1661 69 21 must
522 1657 111 25 absolve
653 1664 75 19 more
747 1657 33 26 of

185 1691 43 26 the
238 1696 57 22 cost
307 1692 33 26 of
350 1693 67 25 their

220 1729 228 31 Undergraduate
497 1729 97 26 tuition
645 1729 21 26 is
715 1737 62 19 now

184 1765 107 30 $4,828,
320 1766 47 25 but
395 1766 52 25 will
475 1766 51 26 rise
556 1767 29 25 12
612 1772 108 26 percent
749 1773 28 20 to

184 1801 97 31 $5,420
291 1808 61 20 next
363 1803 141 26 academic
515 1812 72 22 year.

217 1840 87 25 Other
332 1840 99 27 tuition
461 1840 133 27 increases
622 1849 69 18 were
718 1841 59 26 also

182 1878 175 24 announced:

218 1914 69 25 •For
303 1913 62 32 City
381 1914 123 31 College,
523 1915 71 24 from
612 1914 53 27 $90
680 1920 29 20 to
726 1915 50 27 $98

181 1957 46 23 per
237 1950 84 27 credit
333 1950 69 27 hour

217 1989 69 24 •For
301 1988 45 26 the
363 1989 63 25 Law
442 1988 113 30 School,
573 1989 71 25 from
662 1988 70 28 $210
747 1994 28 21 to

180 2024 70 27 $240
259 2033 47 23 per
315 2025 83 26 credit
411 2026 70 24 hour

216 2062 69 26 •For
303 2070 120 18 summer
440 2062 106 31 school,
568 2062 71 26 from
659 2062 69 28 $120
746 2069 29 20 to

181 2098 68 27 5130
258 2106 47 24 per
315 2099 83 26 credit
410 2099 70 26 hour

215 2136 70 25 •For
299 2136 133 31 graduate
447 2137 107 29 school,
572 2137 72 26 from
661 2137 68 28 $182
745 2143 30 21 to

179 2172 69 27 $200
257 2180 47 24 per
314 2173 83 26 credit
410 2174 70 25 hour

214 2227 155 32 University
387 2232 91 22 center
499 2226 55 27 fees
572 2226 61 26 also
651 2226 52 25 will
723 2226 52 26 rise

180 2270 59 21 next
257 2272 62 24 year
335 2270 29 21 to
379 2264 53 28 $50
445 2271 48 25 per
508 2268 128 21 semester
652 2263 44 25 for
713 2262 50 27 full-

179 2301 64 27 time
283 2301 134 30 students,
458 2300 53 28 $30
551 2300 43 26 for
634 2299 141 32 part-time

179 2338 123 29 students
323 2338 54 26 and
399 2337 51 29 $12
472 2337 43 27 for
535 2336 239 28 summer-session

179 2375 133 27 students.

216 2412 160 32 Dormitory
387 2419 80 19 room
479 2416 71 21 rates
561 2410 52 26 will
626 2410 51 26 rise
688 2410 85 26 about

180 2449 61 26 nine
279 2454 108 26 percent
426 2453 61 22 next
526 2455 73 24 year,
638 2447 135 26 Eckholdt

179 2486 175 26 announced.
386 2485 110 27 Double
526 2491 94 20 rooms
649 2484 26 25 in
706 2484 68 26 both

180 2523 94 26 Biever
305 2523 54 26 and
392 2521 108 32 Buddig
532 2521 68 26 halls
632 2520 51 26 will
715 2525 58 22 cost

180 2559 99 31 $1,020
288 2567 46 24 per
345 2564 127 21 semester
484 2558 26 26 in
525 2558 122 27 1986-87.

941 1666 67 24 have
1023 1664 150 26 succeeded
1188 1664 80 32 again
1284 1664 52 25 this
1351 1671 63 24 year

818 1701 26 27 in
880 1701 115 33 keeping
1030 1701 99 27 tuition
1163 1706 73 21 costs

820 1739 122 26 Roussell
968 1739 68 26 said.
1169 1738 120 26 increase
1313 1737 99 26 should

819 1781 46 20 not
877 1776 191 31 substantially
1079 1775 106 26 burden

856 1813 123 26 Roussell
992 1812 176 33 emphasized
1183 1812 57 26 that
1256 1812 145 31 university-

820 1851 104 26 funded
943 1851 130 25 financial
1091 1850 45 26 aid
1155 1850 51 25 will
1225 1850 33 25 be
1275 1849 139 26 increased

819 1888 34 30 by
874 1888 84 25 about
981 1888 33 25 23
1036 1892 109 26 percent
1168 1892 28 20 to
1218 1886 128 25 diminish
1369 1886 45 25 the

818 1924 100 31 impact
942 1924 33 26 of
997 1924 44 26 the
1068 1924 28 26 12
1119 1928 109 27 percent
1252 1923 98 26 tuition
1374 1922 26 26 in-

817 1969 100 18 crease.

947 1998 53 26 real
1014 2003 58 20 cost
1087 1997 20 26 is
1121 1998 51 25 less
1186 1997 65 26 than
1266 2005 54 23 you
1335 1997 76 25 think

818 2035 18 26 it
914 2035 33 26 he
958 2034 68 26 said.

853 2072 111 26 Tuition
976 2071 93 27 would
1081 2071 69 26 have
1161 2071 68 26 risen
1243 2071 85 26 about
1340 2071 72 31 eight

818 2114 108 27 percent
956 2109 23 26 if
1007 2109 105 31 Loyola
1141 2109 53 25 had
1223 2113 48 21 not
1300 2108 51 26 lost
1381 2107 29 28 $1

818 2146 105 26 million
937 2146 26 25 in
977 2150 69 22 state
1058 2146 45 25 aid
1118 2145 17 26 it
1151 2145 52 26 had
1218 2145 138 31 budgeted
1371 2144 43 27 for

818 2183 45 26 the
881 2183 112 26 1985-86
1007 2182 95 27 school
1116 2190 74 24 year,
1206 2182 123 26 Roussell
1344 2182 68 26 said.

818 2220 57 26 The
887 2220 55 30 aid,
956 2219 87 26 which
1056 2224 130 21 amounts
1200 2224 29 20 to
1240 2219 86 25 about
1340 2218 75 26 three

818 2261 108 27 percent
951 2256 33 26 of
1006 2256 45 26 the
1074 2255 174 32 university's
1271 2255 144 32 operating

818 2293 113 32 budget,
946 2301 54 18 was
1014 2292 108 27 slashed
1137 2292 35 32 by
1185 2300 54 19 one
1252 2298 63 20 vote
1329 2292 26 25 in
1370 2292 45 26 the

818 2331 74 26 State
903 2331 98 26 Senate
1012 2330 50 26 last
1073 2336 130 20 summer.

854 2375 124 27 Roussell
1019 2375 59 26 said
1119 2375 45 26 the
1206 2375 147 32 university
1395 2375 20 27 is

817 2413 124 31 working
969 2411 142 32 diligently
1141 2417 29 20 to
1199 2412 69 26 have
1296 2412 45 26 the
1369 2413 45 25 aid

818 2449 131 27 restored.

854 2487 48 26 Dr.
918 2486 86 27 Jerrol
1019 2486 40 26 M.
1075 2486 129 30 Seaman,
1218 2493 16 19 a
1248 2486 121 27 member
1383 2486 32 27 of

818 2524 45 26 the
876 2523 112 27 Tuition
1003 2523 55 26 and
1074 2524 63 25 Fees
1152 2523 217 26 Subcommittee
1382 2524 33 25 of

818 2561 45 26 the
876 2560 154 31 University
1044 2560 104 31 Budget
1162 2560 178 30 Committee,
1355 2560 57 26 said

1448 1667 57 26 that
1527 1667 44 25 the
1592 1667 65 25 Rev.
1680 1667 92 25 James
1792 1667 32 24 C.
1846 1666 108 28 Carter,
1975 1665 69 30 S.J.,

1448 1704 148 31 university
1626 1704 148 31 president,
1807 1703 50 25 still
1890 1703 48 25 has
1968 1710 77 18 some

1448 1742 72 31 hope
1531 1741 33 25 of
1573 1741 164 26 restoration
1749 1741 33 25 of
1791 1745 69 21 state
1872 1740 93 26 funds.

1576 1780 7 24 I
1599 1778 135 26 wouldn't
1750 1777 66 27 hold
1831 1785 44 24 my
1890 1777 95 26 breath
2002 1777 43 25 for

1448 1816 58 26 that
1518 1821 29 20 to
1715 1816 33 25 he
1758 1815 69 26 said.

1486 1853 142 30 Declining
1640 1852 163 26 enrollment
1817 1852 59 25 also
1889 1852 48 25 has
1950 1851 95 31 placed

1448 1898 15 17 a
1476 1889 129 26 financial
1619 1889 105 26 burden
1735 1896 37 19 on
1785 1889 44 25 the
1842 1888 158 31 university,
2013 1888 32 26 he

1448 1926 67 26 said.

1484 1963 104 31 Loyola
1610 1963 51 25 lost
1683 1963 85 25 about
1791 1963 32 25 73
1846 1962 124 25 students
1992 1961 52 26 this

1448 1999 94 27 school
1555 2007 73 24 year,
1641 2007 16 18 a
1672 2000 41 25 1.8
1726 2004 108 27 percent
1847 1998 128 27 decrease
1986 1998 57 27 that

1447 2041 129 21 amounts
1601 2041 29 21 to
1654 2036 100 26 almost
1780 2035 137 30 $400,000
1940 2035 26 25 in
1993 2035 51 26 lost

1448 2081 125 22 revenue,
1591 2073 55 25 and
1662 2072 163 32 anticipates
1841 2081 15 17 a
1873 2073 44 25 6.8
1935 2077 108 26 percent

1448 2110 80 32 drop,
1560 2118 31 18 or
1624 2110 51 26 250
1706 2109 135 30 students,
1875 2114 62 21 next
1970 2116 73 24 year,

1451 2147 120 25 Roussell
1584 2147 68 25 said.

1483 2184 58 26 The
1554 2183 174 32 university's
1742 2183 65 26 land
1822 2183 25 25 in
1863 2184 108 24 Kenner
1986 2182 59 26 also

1448 2221 50 26 has
1524 2220 108 27 created
1660 2220 150 32 problems,
1839 2219 73 27 since
1940 2219 104 32 Loyola

1448 2263 100 21 cannot
1572 2258 47 26 sell
1641 2258 17 25 it
1683 2257 43 26 for
1748 2257 71 26 what
1843 2257 17 25 it
1884 2257 21 25 is
1926 2256 118 31 actually

1448 2295 88 26 worth
1558 2295 116 26 because
1693 2294 33 26 of
1744 2294 46 26 the
1808 2293 146 32 depressed
1975 2293 69 26 local

1448 2331 117 31 market,
1579 2331 123 26 Roussell
1714 2330 69 27 said.

1606 2378 35 27 all
1686 2378 34 26 of
1763 2377 54 26 this
1862 2381 29 21 to
1936 2376 110 31 happen

1448 2415 228 32 simultaneously
1702 2415 22 26 is
1748 2415 55 32 just
1830 2414 54 26 bad
1911 2413 44 27 for

1450 2453 125 26 Roussell
1586 2453 68 26 said.

1484 2491 45 26 An
1574 2490 155 27 additional
1774 2489 149 31 university
1970 2487 76 27 fiscal

1448 2528 170 32 adjustment
1652 2528 49 25 has
1733 2527 68 26 been
1834 2526 33 26 its
1899 2525 147 27 broadcast

1448 2565 171 30 operations,
1640 2565 33 25 he
1691 2564 70 30 said,
1781 2562 189 32 emphasizing
1989 2562 57 26 that

2088 1667 117 25 WWL's
2238 1668 57 24 role
2326 1667 27 24 in
2385 1667 45 25 the
2462 1667 148 29 university
2640 1673 31 17 en-

2087 1705 139 25 dowment
2246 1704 49 25 has
2313 1703 150 26 continued
2483 1708 28 21 to
2530 1703 104 25 shrink.
2657 1703 27 25 In

2091 1741 65 26 1982
2169 1741 45 26 the
2227 1740 79 27 radio
2318 1740 55 27 and
2386 1740 141 26 television
2541 1740 144 31 operation

2087 1778 157 32 comprised
2271 1778 87 25 about
2386 1778 33 25 48
2446 1782 108 26 percent
2583 1777 33 25 of
2642 1777 45 25 the

2089 1815 148 31 university
2259 1815 188 25 endowment.
2473 1815 28 24 In
2527 1814 75 29 1986,
2626 1813 18 26 it
2667 1813 21 26 is

2088 1851 130 32 expected
2226 1856 33 24 lo
2270 1851 81 26 make
2363 1859 36 24 up
2410 1851 61 26 27.5
2484 1851 119 32 percent.

2259 1888 110 26 student
2395 1893 25 20 at
2448 1887 104 31 Loyola
2578 1887 21 25 is
2623 1887 48 25 sub-

2087 1925 102 26 sidized
2233 1925 34 31 by
2311 1925 85 25 funds
2439 1924 72 25 from
2555 1924 45 25 the
2640 1931 32 18 en-

2286 1962 32 26 he
2340 1961 69 27 said.
2504 1961 91 25 WWL
2618 1968 69 19 were

2088 2004 47 21 not
2149 1999 73 29 here,
2236 1999 45 25 the
2293 2003 58 21 cost
2365 1998 93 26 would
2471 1998 32 25 be
2516 1998 81 25 much
2611 2005 77 18 more

2088 2036 66 26 than
2165 2036 72 25 what
2249 2035 18 25 it
2279 2035 21 25 is

2125 2072 124 27 Roussell
2263 2072 59 26 said
2336 2072 44 26 the
2393 2076 59 22 cost
2466 2071 33 27 of
2510 2071 177 27 educational

2087 2110 89 31 goods
2190 2110 54 25 and
2258 2109 115 26 services
2386 2116 61 18 rose
2460 2109 34 30 by
2507 2109 85 25 about
2607 2115 80 18 seven

2088 2151 109 27 percent
2230 2146 25 25 in
2292 2146 74 25 1985.
2401 2145 111 31 Despite
2543 2145 75 25 these
2649 2144 27 26 in-

2087 2191 117 22 creases,
2233 2183 45 26 the
2306 2187 163 27 percentage
2496 2182 34 26 of
2557 2181 131 32 Loyola's

2087 2220 178 27 educational
2281 2220 54 26 and
2351 2220 109 32 general
2476 2226 131 25 expenses
2623 2219 64 31 paid

2088 2258 37 31 by
2173 2258 136 25 students
2358 2257 51 26 has
2458 2262 49 20 not
2556 2256 131 31 changed

2088 2294 198 32 significantly,
2298 2294 33 26 he
2342 2294 69 26 said.

2123 2331 114 27 Tuition
2256 2331 55 27 and
2333 2331 56 27 fees
2409 2331 90 26 added
2520 2338 37 24 up
2577 2336 28 20 to
2626 2330 58 26 59.1

2089 2374 109 27 percent
2215 2369 33 26 of
2262 2369 45 26 the
2323 2369 173 31 university's
2512 2367 176 27 educational

2088 2407 55 26 and
2159 2407 109 32 general
2284 2406 194 32 expenditures
2493 2405 26 26 in
2541 2406 74 29 1980,
2633 2405 55 26 and

2089 2444 52 25 will
2154 2444 34 26 be
2201 2444 61 26 59.5
2276 2448 110 27 percent
2400 2448 61 20 next
2475 2450 73 24 year,
2563 2441 125 27 Roussell

2089 2481 69 26 said.

2124 2518 58 26 The
2200 2518 70 28 $592
2288 2518 222 31 undergraduate
2529 2517 120 25 increase
2668 2516 21 25 is

185 2644 319 118 Low
567 2645 405 119 WWL
999 2643 492 154 profits
1524 2651 309 125 hurt
1867 2659 827 120 endowment

360 2852 39 31 By
411 2852 78 26 Katie
499 2852 90 31 Duffy

306 2889 139 25 Assistant
453 2889 84 25 News
545 2888 99 26 Editor

213 2968 163 29 WWL-TV,
404 2966 126 27 Channel
556 2968 27 29 4,
609 2967 163 26 considered

177 3012 53 19 one
247 3003 34 27 of
297 3003 130 32 Loyola's
445 3002 120 33 primary
583 3003 187 31 investments,

177 3041 49 27 has
498 3040 45 26 the
563 3040 65 26 Rev.
649 3040 123 26 Thomas

178 3079 36 26 H.
241 3077 115 32 Clancy,
383 3076 69 30 S.J.,
479 3075 57 27 vice
563 3075 136 32 president
727 3076 45 27 for

177 3112 270 31 Communications,
459 3112 67 26 said.

212 3153 26 25 A
274 3149 162 29 substantial
474 3154 59 27 part
570 3149 34 26 of
640 3150 132 31 Loyola's

177 3189 186 29 endowment,
374 3186 88 27 which
473 3186 22 26 is
505 3193 103 25 among
617 3186 46 26 the
673 3186 97 32 largest

177 3228 27 26 in
217 3227 46 26 the
276 3229 116 28 country
405 3231 47 26 per
466 3223 120 31 student,
601 3222 22 27 is
636 3222 134 33 provided

177 3265 35 32 by
248 3262 100 34 profits
384 3261 73 27 from
494 3260 102 26 WWL.
632 3258 59 29 The*
724 3267 32 19 en-

177 3302 138 26 dowment
338 3299 21 27 is
381 3305 66 21 over
469 3297 89 29 $2000
579 3305 46 24 per
648 3297 120 30 student,

176 3343 594 313 fsdfsdfsdf

820 2836 105 31 Clancy
935 2835 69 26 said.

855 2876 143 33 Although
1011 2878 126 27 Channel
1149 2880 17 24 4
1177 2880 119 26 remains
1309 2880 45 27 the
1367 2886 49 27 top

818 2913 141 27 television
974 2914 103 27 station
1092 2915 26 26 in
1133 2915 97 27 viewer
1244 2917 102 32 ratings
1360 2918 54 26 and

817 2956 141 26 generates
983 2959 17 19 a
1025 2952 74 33 large
1124 2960 117 20 revenue
1268 2953 72 27 from
1367 2955 32 25 ad-

817 2988 138 32 vertising,
984 2988 19 27 it
1030 2989 22 27 is
1078 2995 49 21 not
1153 2990 123 33 growing
1303 2999 29 19 as
1360 2991 53 27 fast

818 3024 159 33 financially
986 3033 30 18 as
1027 3025 18 26 it
1055 3026 48 27 did
1114 3026 27 26 in
1152 3027 45 26 the
1207 3032 70 27 past.

853 3062 87 25 When
961 3062 118 27 WWL's
1099 3063 101 32 profits
1220 3072 70 18 were
1309 3064 104 33 getting

816 3098 86 32 larger
925 3098 141 33 annually,
1092 3100 106 31 Loyola
1220 3108 56 19 was
1298 3101 62 27 able
1382 3106 30 22 to

815 3134 86 32 spend
925 3141 38 26 up
986 3140 30 21 to
1044 3137 28 24 12
1097 3141 108 26 percent
1231 3144 78 19 more
1331 3145 80 25 every

814 3178 74 23 year,
917 3171 105 32 Clancy
1050 3172 70 27 said.
1151 3173 69 26 Now
1248 3174 106 32 growth
1383 3174 27 26 in

814 3214 117 19 revenue
966 3207 49 27 has
1049 3208 103 28 slowed
1187 3210 55 26 and
1279 3211 131 31 Loyola's

812 3250 132 25 expenses
954 3244 69 27 have
1032 3244 129 28 climbed.

850 3280 131 31 Loyola's
1022 3282 141 32 projected
1203 3283 109 32 general
1353 3285 55 26 and

812 3316 175 28 educational
1000 3325 132 25 expenses
1146 3319 44 26 for
1207 3320 66 26 1986
1285 3327 46 20 are
1343 3328 65 20 near

812 3352 51 29 535
887 3353 117 32 million,
1028 3355 100 27 almost
1155 3356 53 25 five
1232 3356 79 27 times
1336 3358 71 27 what

812 3389 63 33 they
884 3398 70 19 were
964 3390 27 27 in
1005 3392 75 26 1971.

1106 3429 59 26 this
1218 3434 115 21 creates
1386 3437 17 18 a

989 3465 105 33 Clancy
1115 3465 69 28 said.
1278 3465 125 28 business

807 3504 53 26 like
885 3503 126 27 Channel
1038 3504 17 26 4
1080 3511 51 19 can
1158 3504 96 26 decide
1280 3509 29 21 to
1335 3504 68 26 curb

807 3540 144 33 spending,
963 3541 48 26 but
1023 3541 57 26 that
1093 3541 21 26 is
1125 3548 62 25 very
1198 3540 122 27 difficult
1333 3541 43 26 for
1387 3549 16 18 a

807 3578 147 32 university
964 3583 30 21 to

842 3616 39 26 As
893 3615 106 32 Loyola
1010 3623 94 19 moves
1118 3615 73 27 from
1203 3624 16 18 a
1230 3616 90 31 small,
1332 3616 71 26 local

1440 2839 96 26 school
1577 2844 28 21 to
1645 2847 35 18 an
1721 2839 150 32 important
1913 2837 122 27 national

1441 2877 158 32 university,
1627 2884 77 20 more
1731 2876 116 32 funding
1873 2876 21 25 is
1921 2875 114 29 needed,

1440 2915 68 26 both
1527 2915 73 26 from
1617 2914 175 26 endowment
1810 2920 110 19 sources
1937 2912 55 26 and
2010 2912 26 25 in

1440 2951 46 26 the
1513 2951 72 26 form
1612 2951 33 25 of
1670 2950 100 26 tuition
1797 2949 134 27 increases
1958 2949 77 26 when

1440 2995 152 25 necessary,
1604 2987 105 32 Clancy
1719 2987 68 27 said.

1475 3024 104 32 Clancy
1613 3024 58 26 said
1707 3023 131 32 Loyola's
1872 3022 91 32 major
1997 3022 26 26 in-

1439 3065 160 22 vestments
1647 3068 49 18 are
1743 3060 36 26 its
1827 3059 210 33 broadcasting

1439 3097 170 33 operations,
1642 3102 181 27 government
1857 3097 90 26 bonds
1981 3097 54 26 and

1439 3134 74 27 land.

1474 3171 105 31 Clancy
1589 3170 60 27 said
1660 3170 58 27 that
1731 3170 118 27 because
1860 3178 78 19 some
1948 3170 34 27 of
1991 3170 46 27 the

1439 3208 179 32 university's
1665 3207 182 27 investments
1894 3215 47 19 are
1987 3213 48 21 not

1438 3244 122 33 growing
1573 3252 30 19 as
1617 3244 53 26 fast
1684 3252 30 18 as
1727 3244 65 32 they
1803 3252 71 19 once
1886 3244 59 31 did,
1960 3252 78 19 more

1439 3280 174 33 fundraising
1643 3280 54 27 like
1727 3281 47 26 the
1804 3281 157 32 Campaign
1993 3281 44 26 for

1439 3318 107 33 Loyola
1564 3318 89 27 which
1672 3318 89 27 raised
1780 3317 82 29 $13.2
1881 3318 108 27 million
2008 3324 30 21 to

1439 3355 81 27 build
1567 3355 49 26 the
1662 3355 376 27 Communication/Music

1438 3391 127 33 complex
1593 3392 53 26 will
1675 3392 34 26 be
1737 3400 143 24 necessary
1909 3397 29 21 to
1968 3392 70 27 fund

1439 3429 93 27 future
1549 3429 130 33 projects.

1479 3468 188 33 Fortunately,
1686 3470 106 31 Loyola
1808 3478 63 19 now
1886 3472 50 26 has
1952 3473 90 31 nearly

1443 3505 34 26 all
1495 3506 45 27 the
1558 3506 126 27 facilities
1701 3506 18 27 it
1737 3508 94 31 needs,
1849 3508 105 32 Clancy
1972 3509 69 26 said.

1443 3543 60 26 The
1549 3544 182 32 completion
1779 3545 35 26 of
1860 3545 48 27 the
1955 3546 66 26 Com-

1444 3580 297 28 munications/Music
1762 3583 138 32 Complex
1920 3583 55 26 and
1997 3583 45 26 the

1443 3618 134 32 purchase
1604 3618 34 26 of
1664 3619 45 26 the
1737 3619 104 27 former
1868 3621 39 25 St.
1936 3621 106 29 Mary's

2081 2834 167 26 Dominican
2271 2834 114 32 College
2407 2842 116 25 campus
2546 2835 48 27 lasl
2620 2844 63 24 year

2080 2870 95 26 solved
2186 2876 72 21 most
2269 2879 82 24 space
2362 2871 153 32 problems,
2527 2872 33 27 he
2571 2873 68 26 said.

2249 2924 40 19 we
2324 2924 47 19 are
2407 2917 111 32 waiting
2556 2918 44 26 for
2638 2918 45 26 the

2081 2953 153 26 recreation
2255 2954 231 32 center/parking
2506 2962 100 24 garage
2627 2955 55 26 and

2081 2989 155 28 additional
2251 2989 101 34 library
2367 2999 91 24 space.
2476 2991 152 32 Hopefully
2644 3000 39 17 we

2081 3026 53 26 will
2152 3032 43 27 get
2213 3027 70 26 both
2302 3028 94 26 within
2415 3036 15 18 a
2449 3028 51 27 few
2650 3028 33 27 he

2081 3063 69 26 said.
2199 3065 72 31 Very
2317 3072 82 23 soon,
2445 3065 67 32 only
2557 3065 126 32 building

2081 3100 197 27 maintenance
2301 3101 52 26 will
2377 3102 69 26 have
2468 3107 30 21 to
2520 3102 33 26 be
2577 3102 105 27 funded

2081 3138 55 26 and
2153 3138 58 27 that
2228 3138 21 26 is
2264 3146 17 19 a
2297 3139 38 26 lot
2351 3139 85 26 easier
2453 3139 65 27 than
2536 3139 101 32 having
2653 3144 30 21 to

2081 3179 141 22 construct
2234 3183 78 19 more
2322 3175 149 32 buildings,
2483 3175 34 27 he
2527 3175 68 27 said.

2117 3211 59 27 The
2186 3217 116 27 greatest
2314 3220 81 24 surge
2405 3212 26 26 in
2441 3217 74 21 costs
2527 3212 26 26 in
2565 3212 45 26 the
2621 3218 58 26 past

2081 3248 116 31 decade,
2230 3249 105 32 Clancy
2368 3249 70 31 said,
2472 3249 48 27 has
2553 3249 69 27 been
2655 3249 27 27 in

2081 3286 122 27 salaries.
2227 3286 96 32 Salary
2343 3293 118 26 expense
2482 3286 26 26 in
2535 3288 65 25 1982
2622 3293 57 20 cost

2083 3323 64 27 four
2162 3324 79 26 times
2255 3324 71 26 what
2343 3324 18 26 it
2376 3323 47 27 did
2438 3324 27 25 in
2484 3325 74 25 1976.
2576 3325 105 31 Loyola

2081 3360 50 27 has
2149 3360 89 27 raised
2256 3361 111 26 salaries
2385 3366 30 21 to
2433 3366 97 21 attract
2550 3361 129 26 excellent

2083 3398 104 32 faculty
2198 3398 148 31 members,
2357 3398 34 27 he
2402 3398 69 27 said.
2485 3399 29 25 In
2530 3398 64 27 1985
2606 3406 76 25 wage

2081 3436 55 26 and
2155 3435 119 27 benefits
2291 3441 58 21 cost
2369 3436 45 26 the
2433 3436 148 31 university
2600 3435 80 28 S2O.S

2081 3472 117 27 million.

2119 3510 50 26 But
2195 3510 105 32 Clancy
2324 3510 91 26 added
2440 3510 56 26 that
2523 3510 89 32 salary
2636 3518 30 19 ex-

2081 3555 83 24 pense
2183 3547 100 26 should
2303 3553 46 21 not
2371 3547 50 26 rise
2440 3553 48 20 too
2506 3547 82 26 much
2607 3547 73 27 since

2081 3585 46 26 the
2140 3584 129 26 inflation
2285 3590 56 20 rate
2355 3585 20 25 is
2389 3585 81 25 down
2485 3585 54 25 and
2554 3585 57 25 that
2627 3584 51 26 will

2384 2566 51 26 See
2448 2565 200 32 Tuition/page
2657 2566 17 25 5

2307 3625 52 25 See
2368 3622 276 31 Endowment/page
2654 3622 18 25 4
