2906 3782
235 157 167 34 18

1365 160 64 36 fhje
1439 159 200 29 MAROOK

2367 163 204 33 February
2583 165 149 31 7,1986

239 324 34 130 f
522 337 287 81 EARN
850 337 346 81 EXTRA
1405 279 63 139 1

237 456 34 133 |
640 464 434 85 INCOME
1428 457 40 83 I

235 554 27 137 1
503 608 300 68 BLOOD
823 608 218 66 TYPE
1428 547 40 124 I

235 741 27 43 I
302 746 89 33 Earn
413 754 48 33 up
481 747 40 31 to
539 745 93 37 $160
653 754 63 32 per
736 746 128 32 month
884 746 107 33 while
1009 753 71 34 you
1102 746 121 41 study.
1246 746 164 33 Persons
1426 727 40 55 B

235 787 27 43 1
299 795 85 33 with
494 795 159 41 positive
670 795 73 33 and
763 795 171 42 negative
951 795 112 34 blood
1082 795 146 33 needed
1245 797 39 30 to
1301 795 110 33 make
1426 778 40 57 |

235 832 25 80 |
300 844 125 42 typing
439 852 138 26 serum.
594 844 87 33 Free
694 844 113 33 blood
821 844 125 42 typing
960 844 193 34 available.
1427 828 38 81 j|

235 923 27 69 |
693 943 77 33 Call
785 950 39 25 or
836 950 111 26 come
961 943 56 41 by:
1427 951 38 26 m

235 976 32 48 I
632 992 355 39 SEROLOGICALS,
1003 992 75 33 INC
1426 976 39 49 1

227 1049 38 47 p
566 1041 88 34 3901
674 1042 145 33 Houma
834 1041 108 40 Blvd.,
957 1041 104 34 Suite
1074 1041 68 34 210
1427 1025 38 66 jg]

226 1096 39 40 ra]
669 1091 176 39 Metairie,
861 1091 53 33 LA
925 1091 116 33 70002
1427 1086 38 49 (jl

233 1141 32 42 1
765 1140 171 34 455-5371
1427 1134 39 46 1

1433 1221 33 88 1

230 1275 34 134 |
696 1316 317 68 MONO?
1428 1273 38 111 I

230 1410 33 89 |j
298 1453 137 41 People
458 1453 86 33 with
569 1452 395 35 MONONUCLEOSIS
986 1460 62 26 are
1071 1453 167 41 urgently
1262 1453 146 33 needed
1434 1443 32 43 1

233 1501 31 43 §
296 1504 39 31 to
350 1503 60 33 aid
428 1502 33 33 in
478 1502 64 34 the
559 1502 261 34 manufacture
836 1502 39 33 of
891 1502 64 34 the
973 1503 112 32 Mono
1102 1504 76 32 test
1195 1502 83 33 kits.
1296 1501 25 34 If
1336 1509 71 34 you
1425 1487 40 70 p

233 1547 31 42 1
297 1552 92 34 have
417 1552 123 40 Mono,
566 1559 39 25 or
631 1551 93 34 have
750 1551 72 34 had
849 1552 114 33 Mono
986 1551 124 33 within
1135 1551 64 34 the
1224 1552 88 40 past
1336 1552 73 32 two
1424 1535 39 71 E|

232 1592 32 41 !
295 1602 139 39 weeks,
456 1609 72 34 you
552 1609 83 34 may
656 1601 140 42 qualify
817 1600 56 34 for
892 1600 94 38 $100
1008 1600 55 33 for
1083 1601 85 41 only
1189 1601 22 33 3
1233 1600 114 34 hours
1369 1599 39 33 of
1423 1584 40 52 @

232 1637 32 88 |j
294 1658 90 34 your
396 1651 100 33 time.
1423 1634 38 87 jj|

234 1728 30 51 8
564 1749 66 32 For
645 1748 148 34 Further
806 1748 236 34 information
1056 1748 84 34 call:
1423 1726 38 56 B

234 1781 31 74 I
586 1798 345 33 SEROLOGICALS
942 1798 171 33 455-5371
1422 1781 39 47 1

234 1858 1229 86 IEIEfEjE/EMSEMEIEHEfE/E/EHEIE/EIE/EIE/EJEIB

1692 311 94 54 AN
1810 311 166 57 ROTC
1993 311 439 57 SCHOLARSHIP
2445 312 147 54 WILL

1778 378 159 54 TAKE
1954 378 163 56 CARE
2134 378 89 56 OF
2240 377 253 57 TUITION

1580 444 193 56 WHILE
1790 444 137 56 YOU
1944 446 157 54 TAKE
2115 444 164 56 CARE
2293 444 90 58 OF
2399 446 295 56 BUSINESS.

1630 539 113 33 Coming
1753 549 33 24 up
1796 539 61 27 with
1868 540 66 32 gcxxi
1943 541 86 33 grades
2040 545 17 23 is
2067 552 13 16 a
2090 540 44 34 job

1579 577 25 23 in
1615 574 72 27 itself.
1702 575 36 27 It's
1747 585 66 17 even
1824 574 89 28 harder
1924 576 18 26 if
1949 587 48 22 you
2007 576 66 27 have
2084 585 26 18 to
2369 568 151 48 IjCrijnT

1577 619 78 23 worry
1665 609 77 28 about
1752 614 103 29 coming
1866 620 32 24 up
1908 610 61 27 with
2518 626 8 9 '

1578 648 92 23 tuition
1681 653 52 19 too.
1747 646 80 32 Army
1837 645 96 28 ROTC
1941 656 49 17 can
2368 637 125 50 HKjirv

1577 679 97 34 lighten
1685 680 56 27 that
1752 680 64 28 load.
1830 681 85 27 We've
1924 690 44 24 got

1633 1839 151 45 ARMY
1798 1839 172 45 RESERVE
1985 1837 220 47 OFFICERS'
2217 1835 233 46 TRAINING
2466 1835 155 46 CORPS

854 3134 228 56 ImK
1084 3134 519 82 MIB^^HR

263 3245 1177 124 ■i9|wnM(SMHp
1658 3298 104 40 THE
1777 3296 152 41 HOME
1941 3296 71 41 OF
2024 3296 102 39 THE
2139 3296 220 41 UPTOWN
2376 3296 164 39 PARTY
2552 3296 119 39 JAM.

1389 3382 44 41 S.
1447 3382 298 41 CLAIBORNE
1756 3382 224 46 AVENUE,
1995 3381 117 40 NEW
2124 3381 257 47 ORLEANS,
2397 3381 274 40 LOUISIANA

261 3540 66 52 ■
1081 3555 215 41 ALWAYS
1311 3553 290 41 FEATURING
1616 3553 152 39 GOOD
1784 3552 204 47 DRINKS,
2004 3552 144 40 FOOD
2163 3552 161 40 MUSIC
2336 3552 110 39 AND
2461 3550 210 48 PEOPLE,

2131 3636 103 41 FOR
2246 3636 103 39 THE
2363 3636 128 41 BEST
2502 3635 169 40 TIMES.
