2866 3769
168 256 238 122 Dr.
453 256 352 122 Ruth
849 252 359 122 takes
1252 283 176 88 on
1496 249 434 122 sexual
1970 249 602 144 illiteracy

444 461 38 31 By
493 461 81 26 Mark
586 461 112 25 Dvorak

329 498 140 26 Assistant
478 498 63 31 Life
549 498 58 26 and
618 498 88 24 Times
715 496 97 26 Editor

178 151 283 77 Making
474 169 188 44 sense
679 157 122 56 out
818 149 91 78 of
914 149 273 78 making
1202 151 149 64 love

204 578 78 30 First,
293 579 101 26 there's
404 579 45 26 the
459 579 83 26 stool.

204 616 61 25 You
285 616 74 26 can't
379 616 122 32 possibly
520 615 168 27 understand
709 614 62 26 how
791 613 75 27 short
888 613 46 27 she
954 613 21 27 is

167 652 69 27 until
251 660 54 25 you
321 653 87 26 watch
425 653 46 26 her
488 653 72 26 from
576 652 45 27 the
635 652 66 26 side.
718 652 58 25 The
791 651 72 26 stool
878 650 97 26 boosts

167 690 47 26 her
225 697 65 19 over
301 690 46 26 the
358 690 114 32 podium
485 697 30 19 so
526 690 48 26 she
585 697 50 19 can
647 689 87 26 watch
747 689 45 25 the
802 688 173 31 expressions

166 734 38 18 on
219 727 45 26 the
280 727 73 26 faces
366 727 33 26 of
412 728 46 25 her
472 727 132 26 audience
618 734 28 18 as
660 726 47 26 she
721 725 71 26 talks
806 725 100 32 openly
920 725 54 26 and

166 764 129 31 candidly
305 765 86 25 about
402 773 56 17 sex.

204 801 63 26 And
278 801 48 27 she
336 801 70 32 pulls
415 806 49 22 out
475 801 34 27 all
521 802 45 26 the
576 806 86 27 stops.

203 839 74 31 They
287 839 50 26 call
350 839 46 26 her
613 838 54 26 and
679 838 46 25 she
736 837 59 26 said
806 837 47 25 she
864 837 109 25 doesn't

166 883 72 18 care.
296 876 79 25 don't
387 884 66 18 even
464 876 76 26 mind
551 876 23 25 if
585 875 56 26 The
648 876 69 24 New
732 874 70 26 York
817 875 88 25 Times
914 882 61 23 says

169 913 153 26 'Grandma
350 913 109 30 Freud,'
525 913 72 26 Ruth
625 911 179 27 Westheimer
830 911 144 32 explained

168 950 125 31 Monday
304 950 74 31 night
390 955 26 21 at
427 950 131 25 Tulane's
569 949 148 26 McAlister
727 948 190 26 Auditorium.

204 986 188 30 Westheimer,
410 987 152 25 America's
578 987 57 25 best
652 986 101 25 known
770 993 44 18 sex
831 984 142 32 therapist,

167 1023 148 26 talk-show
328 1023 61 26 host
403 1024 55 25 and
472 1024 124 31 speaker,
621 1022 57 27 told
693 1023 46 26 her
752 1022 223 32 predominantly

167 1060 109 26 student
292 1060 132 26 audience
439 1060 56 26 that
512 1060 34 26 all
562 1060 45 26 the
622 1060 69 31 hype
706 1060 54 25 and
776 1059 135 26 attention
928 1059 47 25 she

167 1097 49 25 has
234 1097 67 25 been
319 1097 102 31 getting
439 1104 29 18 as
486 1104 15 18 a
519 1097 80 25 result
618 1096 33 26 of
667 1096 45 25 her
730 1104 44 17 sex
793 1103 143 24 programs
955 1095 20 26 is

167 1133 201 32 unimportant.

204 1171 79 26 What
306 1171 21 26 is
348 1171 161 31 important,
531 1171 48 26 she
599 1171 68 29 said,
755 1175 29 20 to
805 1169 168 27 understand

167 1208 71 26 what
251 1209 8 24 I
271 1215 44 18 am
327 1208 87 31 trying
425 1213 30 21 to

203 1245 178 25 Westheimer
405 1245 143 31 explained
574 1245 56 25 that
657 1244 44 26 the
726 1252 120 24 purpose
870 1243 34 27 of
928 1244 46 26 her

509 1281 140 27 television
665 1282 53 26 and
736 1281 78 27 radio
830 1288 144 25 programs

166 1320 22 25 is
207 1325 30 20 to
256 1320 102 25 inform
379 1320 44 25 the
442 1320 93 31 public
553 1320 84 25 about
658 1319 45 26 the
723 1319 88 26 truths
830 1318 33 26 of
881 1318 92 26 sexual

166 1357 121 31 activity,
315 1357 53 25 and
395 1362 29 20 to
448 1357 110 31 destroy
584 1364 52 23 any
662 1356 89 31 myths
778 1355 86 26 which
892 1363 82 23 many

167 1394 98 31 people
276 1393 51 26 still
339 1393 111 26 believe.

249 1431 100 26 believe
360 1431 45 26 the
416 1438 76 19 more
503 1438 39 18 we
552 1430 55 26 talk
619 1430 84 26 about
716 1430 30 30 it,
757 1430 45 26 the
813 1430 51 26 less
876 1430 97 32 people

166 1469 52 25 will
231 1469 51 25 feel
483 1468 47 26 she
540 1468 68 25 said.

203 1506 52 26 She
279 1506 21 25 is
325 1505 81 32 quick
432 1511 29 20 to
486 1505 76 31 point
588 1510 58 25 out,
674 1505 135 30 however,
835 1505 57 25 that
917 1504 54 32 just

166 1544 117 25 because
295 1543 47 25 she
354 1543 98 31 speaks
464 1542 100 32 openly
577 1542 84 26 about
675 1550 54 22 sex,
743 1541 78 33 using
834 1542 44 26 the
891 1546 82 22 terms

166 1580 55 27 and
234 1580 112 32 phrases
359 1580 87 26 which
460 1587 82 24 many
555 1579 97 33 people
664 1587 46 19 are
722 1584 49 21 too
783 1579 189 26 embarrassed

166 1622 29 21 to
207 1625 58 24 say,
279 1618 47 25 she
337 1618 67 25 does
417 1622 47 21 not
477 1617 129 26 condone
618 1624 44 18 sex
674 1617 121 25 between
808 1621 54 20 two
874 1616 99 31 people

166 1654 100 32 merely
277 1654 44 26 for
332 1654 121 32 physical
464 1654 133 31 pleasure.

300 1690 43 27 for
359 1698 55 19 one
431 1690 103 27 minute
550 1690 37 26 do
606 1691 7 25 I
631 1697 47 25 say
696 1690 101 26 believe
813 1690 58 26 that
889 1697 44 19 sex
951 1690 21 25 is

165 1728 159 32 everything
346 1728 26 25 in
395 1735 15 19 a
433 1728 188 31 relationship.
643 1727 114 26 There's
779 1727 70 29 love,
873 1727 99 26 there's

165 1765 111 31 caring.
294 1785 6 6 .
318 1785 5 6 .
613 1764 48 26 she
670 1764 69 26 said.

250 1806 70 22 want
336 1801 18 27 it
367 1806 48 22 out
430 1801 75 27 there
519 1801 65 26 loud
598 1800 54 27 and
665 1800 71 27 clear
750 1801 56 26 that
823 1801 9 25 I
846 1800 126 26 consider

166 1839 52 26 this
231 1839 55 30 [sex
297 1839 114 25 without
423 1838 71 31 love]
506 1837 192 32 irresponsible

159 2333 181 47 Sexual
351 2333 232 55 illiteracy
594 2345 32 33 a
634 2332 231 57 problem

197 2435 206 26 Westheimer's
433 2435 96 31 largest
560 2441 117 19 concern
707 2433 22 27 is
759 2434 63 26 with

346 2471 88 27 which
466 2471 46 27 she
543 2478 61 25 says
634 2471 21 26 is
687 2471 52 26 still
771 2471 138 33 prevalent
942 2472 27 26 in

162 2509 147 27 American
319 2510 113 31 society.

201 2551 53 27 She
267 2551 71 27 cited
352 2552 46 26 the
411 2551 124 32 example
548 2551 34 26 of
593 2559 16 18 a
623 2551 89 27 father
727 2552 62 26 who
804 2553 53 27 had
871 2554 102 32 always

165 2588 68 27 been
246 2597 63 24 very
321 2588 183 27 affectionate
516 2588 105 26 toward
633 2588 41 27 his
685 2589 146 32 daughter,
845 2591 68 26 until
925 2591 48 26 she

164 2633 55 20 was
237 2626 40 27 14.
293 2626 81 27 From
390 2626 64 27 then
468 2633 49 23 on,
533 2625 33 27 he
580 2625 108 28 refused
704 2631 29 22 to
749 2626 68 27 have
831 2635 54 24 any
898 2628 74 26 close

163 2668 110 22 contact
299 2663 64 26 with
389 2663 56 27 her.
473 2662 177 27 Westheimer
673 2663 145 33 explained
843 2664 58 27 that
926 2664 47 28 the

164 2700 91 27 father
269 2701 113 26 became
396 2700 94 27 scared
660 2700 26 26 in
702 2700 41 26 his
758 2700 102 28 mind's
874 2709 49 24 eye
937 2702 34 27 he

163 2745 55 19 saw
249 2737 113 27 himself
390 2736 173 33 committing
593 2736 95 28 incest.
720 2738 43 26 He
792 2738 83 26 could
905 2739 66 32 only

163 2780 112 27 prevent
285 2774 19 27 it
315 2775 36 32 by
361 2779 48 22 not
420 2775 132 32 touching

192 2813 180 28 Westheimer
390 2812 59 28 said
467 2812 58 27 that
544 2811 78 27 when
639 2811 49 26 she
705 2819 55 18 saw
778 2811 46 27 the
842 2819 121 23 woman,

156 2859 63 20 now
231 2852 44 30 26,
288 2851 48 26 she
347 2857 56 20 was
415 2849 100 32 having
527 2847 139 34 problems
677 2847 103 33 getting
790 2848 75 27 close
876 2853 29 22 to
917 2848 47 27 her

156 2888 140 28 husband.

197 2930 120 27 "That's
329 2937 55 20 one
396 2929 36 28 of
444 2929 46 28 the
503 2929 91 33 things
607 2929 59 27 that
681 2929 52 27 will
749 2935 48 22 not
812 2929 110 33 happen
937 2935 32 22 to

159 2974 71 26 your
406 2967 49 27 she
464 2966 70 32 said,
693 2973 56 25 you
758 2973 47 20 are

196 3005 29 26 In
241 3004 49 27 her
303 3003 122 34 opening
439 3003 165 31 discussion,
620 3002 178 28 Westheimer
813 3003 73 27 dealt
902 3003 65 27 with

158 3041 48 28 the
215 3041 103 32 touchy
328 3040 106 33 subject
445 3040 34 27 of
487 3040 212 27 masturbation.
711 3040 54 27 She
775 3040 81 27 made
866 3040 19 27 it
894 3040 74 27 clear

158 3078 60 28 that
228 3078 19 28 it
257 3085 52 21 can
318 3078 71 27 have
398 3077 35 27 its
442 3077 88 33 place,
540 3076 25 28 if
572 3081 48 23 not
629 3077 75 27 done
712 3076 28 28 in
749 3084 103 21 excess.

257 3128 11 27 I
280 3128 66 26 hear
357 3126 36 28 of
402 3133 18 21 a
433 3125 140 28 freshman
586 3124 63 27 who
661 3123 185 28 masturbates
859 3123 66 28 four
936 3129 32 22 to

159 3165 55 28 five
229 3165 85 26 hours
328 3171 18 20 a
357 3163 66 33 day,
440 3162 10 27 I
464 3161 50 28 ask
529 3161 56 28 him
600 3166 31 23 to
643 3167 80 21 come
738 3160 56 28 talk
809 3166 31 21 to
853 3167 45 21 me
910 3161 56 27 and

158 3201 80 33 bring
248 3209 17 20 a
276 3200 157 33 transcript.
447 3200 10 27 I
469 3204 73 22 want
554 3203 30 23 to
595 3198 82 28 know
688 3197 90 28 where
788 3197 34 27 he
835 3196 74 28 finds
920 3197 47 28 the

279 3238 49 27 she
346 3236 71 28 said.
438 3236 65 28 And
523 3235 46 28 the
588 3234 76 34 myth
683 3234 60 28 that
763 3233 203 28 masturbation

158 3276 76 27 leads
245 3280 30 22 to
288 3273 118 33 insanity
418 3281 56 19 was
486 3273 27 27 in
526 3273 57 28 fact
595 3272 162 33 incorrectly
770 3271 135 31 founded,
918 3271 49 28 she

158 3313 102 27 added.

192 3355 181 28 Westheimer
411 3355 145 33 explained
596 3355 59 27 that
694 3354 144 33 questions
876 3353 88 28 about

156 3398 158 28 premature
323 3392 169 33 ejaculation
502 3393 56 27 and
569 3392 135 28 women's
713 3398 126 26 orgasms
848 3398 48 21 are
904 3390 61 28 also

155 3437 144 22 common.

185 3480 55 27 For
255 3487 63 20 men
334 3479 64 27 who
412 3479 90 28 suffer
518 3479 74 28 from
607 3485 158 29 premature
777 3480 181 34 ejaculation,

149 3516 97 28 which
303 3515 198 29 Westheimer
555 3517 161 34 explained
773 3517 25 28 is
853 3518 106 34 purely

149 3553 344 34 psychologically-based,
517 3553 49 29 she
589 3554 59 28 said
671 3554 60 29 that
754 3555 50 29 she
827 3555 79 35 helps
929 3562 30 23 to

147 3591 115 28 counsel
275 3590 71 29 both
360 3591 48 27 the
421 3598 65 21 man
500 3591 58 28 and
571 3591 43 29 his
627 3597 112 28 partner
754 3592 27 27 in
796 3592 48 28 her
857 3592 100 30 office.

999 1679 57 26 The
1067 1679 54 26 real
1132 1679 88 31 gains,
1232 1679 136 29 however,
1380 1685 46 19 are
1437 1679 81 25 made
1529 1678 79 26 whan
1621 1678 45 26 the
1676 1678 99 32 couple
1787 1678 20 25 is

999 1715 81 26 alone
1090 1715 26 26 in
1127 1715 62 26 bed.

1034 1752 95 26 About
1143 1760 134 24 orgasms,
1292 1751 178 27 Westheimer
1483 1751 58 27 said
1555 1751 62 32 they
1630 1759 45 19 are
1688 1760 45 18 are
1746 1756 59 28 part

999 1789 33 26 of
1068 1789 67 26 both
1173 1789 45 27 the
1255 1789 70 26 male
1364 1789 54 26 and
1457 1789 99 26 female
1593 1789 91 26 sexual
1722 1789 84 31 cycle.

999 1826 179 26 Westheimer
1204 1826 141 26 reassured
1372 1833 108 18 women
1507 1826 62 25 who
1595 1833 45 18 are
1666 1826 101 31 having
1794 1833 15 18 a

1000 1862 124 32 problem
1143 1862 127 32 reaching
1287 1862 52 27 this
1356 1862 77 32 point
1451 1862 98 32 during
1566 1862 168 27 intercourse
1750 1862 57 26 that

998 1906 108 19 women
1132 1899 27 26 in
1184 1900 108 31 general
1316 1899 56 32 just
1400 1900 67 25 need
1493 1906 15 19 a
1535 1899 94 31 longer
1654 1899 96 32 period
1776 1898 35 26 of

1000 1936 134 32 foreplay.

1002 1999 249 47 Abortion
1268 2012 30 32 a
1314 2010 253 43 necessary
1581 1996 94 47 evil

1040 2081 179 27 Westheimer
1237 2081 60 27 also
1314 2082 88 32 spoke
1419 2082 86 26 about
1524 2082 45 26 the
1588 2089 76 19 more
1683 2082 65 26 than
1771 2082 41 27 1.5

1004 2118 105 26 million
1129 2119 147 27 unwanted
1296 2118 177 33 pregnancies
1492 2118 26 26 in
1538 2118 46 26 the
1602 2118 102 27 United
1723 2119 89 26 States

1003 2155 66 26 each
1086 2162 72 25 year.
1174 2155 59 26 The
1248 2159 57 22 vast
1321 2154 131 33 majority
1466 2154 81 27 result
1564 2154 73 27 from
1652 2155 159 32 ignorance,

1004 2192 47 27 she
1061 2192 69 27 said.

1043 2229 52 26 She
1107 2230 90 26 added
1209 2230 59 26 that
1281 2230 149 32 regardless
1441 2231 34 25 of
1485 2231 46 26 the
1543 2231 136 32 positions
1690 2231 33 26 of
1734 2238 83 25 many

1006 2274 103 24 groups
1173 2266 140 33 including
1327 2267 46 27 the
1389 2269 108 25 Roman
1513 2268 128 26 Catholic
1656 2269 111 26 Church

1006 2311 37 19 on
1055 2304 44 26 the
1110 2303 105 33 subject
1227 2304 34 26 of
1270 2304 140 32 abortion,
1423 2304 18 26 it
1453 2304 21 27 is
1485 2305 48 26 her
1544 2305 85 26 belief
1637 2306 58 26 that
1707 2313 109 19 women

1006 2346 72 22 must
1101 2341 33 27 be
1154 2341 116 28 allowed
1292 2347 29 22 to
1341 2341 128 28 consider
1489 2342 129 27 abortion
1640 2350 30 19 as
1690 2351 16 18 a
1728 2342 89 27 viable

1005 2378 110 32 option.

1088 2418 103 26 believe
1203 2418 59 26 that
1275 2418 45 25 the
1333 2416 130 27 abortion
1477 2416 50 26 law
1540 2420 72 22 must
1627 2415 103 26 remain
1745 2414 68 32 legal

1005 2457 116 25 because
1136 2456 9 25 I
1160 2455 152 26 remember
1326 2454 70 31 that,
1412 2453 96 26 before
1524 2452 61 33 July
1601 2453 24 31 1,
1644 2453 76 30 1970,
1735 2452 78 26 when

1005 2493 57 26 that
1083 2493 112 25 became
1215 2492 79 32 legal,
1313 2491 66 33 only
1398 2498 108 19 women
1527 2491 63 25 with
1611 2497 100 25 money
1730 2489 83 27 could

1005 2530 69 27 have
1083 2537 35 20 an
1305 2529 48 27 she
1362 2528 68 27 said.

1040 2568 53 26 She
1110 2567 60 27 said
1187 2567 129 27 abortion
1334 2565 100 27 should
1452 2566 33 25 be
1503 2565 80 32 legal,
1601 2569 49 21 not
1668 2573 30 17 as
1716 2572 15 18 a
1748 2571 51 19 con-

1005 2604 159 32 traceptive,
1175 2604 48 27 but
1234 2604 27 26 in
1270 2611 63 19 case
1342 2602 34 27 of
1383 2601 205 33 contraceptive
1599 2601 107 27 failure.

1041 2641 146 31 However,
1210 2640 80 27 while
1311 2640 46 27 the
1378 2639 133 27 audience
1532 2639 156 32 responded
1711 2638 64 26 with
1798 2645 16 18 a

1005 2678 77 26 show
1101 2678 35 26 of
1153 2677 145 34 approval,
1320 2676 178 27 Westheimer
1518 2675 80 32 again
1618 2675 116 26 stressed
1755 2674 58 26 that

1005 2719 55 22 two
1071 2715 99 32 people
1180 2714 100 27 should
1291 2718 47 22 not
1349 2714 70 26 have
1429 2721 45 18 sex
1485 2712 90 27 unless
1585 2712 63 32 they
1659 2719 46 20 are
1715 2711 26 27 in
1753 2711 62 26 love

1005 2751 65 27 with
1079 2759 55 19 one
1143 2752 127 26 another.

1004 2811 343 49 Homosexual
1360 2810 235 59 thoughts
1607 2808 199 47 normal

1036 2889 180 29 Westheimer
1251 2891 61 27 also
1346 2890 73 28 dealt
1455 2891 64 27 with
1555 2891 46 27 the
1635 2891 106 33 subject
1777 2890 34 27 of

1000 2927 232 33 homosexuality.
1253 2928 55 27 She
1326 2928 60 27 said
1407 2928 49 27 she
1475 2928 109 27 wanted
1604 2933 30 21 to
1655 2928 80 27 make
1755 2935 55 19 one

999 2964 79 32 point
1116 2965 72 27 clear
1227 2965 45 27 for
1309 2965 48 28 her
1394 2965 143 28 audience.
1627 2965 182 28 homosexual

999 3000 131 34 thought,
1142 3001 121 34 fantasy,
1273 3002 107 31 dream,
1391 3010 33 19 or
1432 3008 69 21 even
1511 3001 160 34 experience
1680 3002 69 27 does
1759 3007 48 22 not

999 3045 82 20 mean
1091 3038 58 28 that
1159 3046 101 26 person
1270 3039 23 27 is
1302 3038 84 34 going
1395 3044 30 22 to
1434 3038 52 28 live
1495 3046 17 20 a
1522 3038 181 29 homosexual

1035 3075 54 28 She
1098 3076 60 27 said
1168 3076 58 27 that
1237 3076 27 27 in
1275 3076 48 27 her
1332 3076 98 32 office,
1441 3076 197 27 homosexuals
1647 3084 48 19 are
1703 3076 105 27 treated

999 3112 65 28 with
1084 3113 47 28 the
1149 3120 77 21 same
1245 3119 104 28 respect
1369 3114 49 27 she
1435 3113 75 34 gives
1529 3114 205 28 heterosexuals
1753 3114 55 28 and

999 3149 147 29 bisexuals.

1034 3186 81 28 After
1136 3187 48 28 her
1204 3188 121 34 opening
1347 3188 102 27 lecture
1469 3188 55 27 and
1546 3193 56 22 two
1623 3188 76 28 short
1723 3188 84 31 films,

999 3224 180 29 Westheimer
1204 3225 109 34 opened
1339 3225 47 28 the
1412 3225 74 28 floor
1512 3230 30 23 to
1566 3225 153 34 questions.
1746 3226 64 27 One

997 3261 129 33 question
1145 3263 50 27 she
1213 3270 56 20 was
1287 3269 64 27 very
1370 3263 148 28 interested
1537 3263 28 27 in
1583 3263 73 28 dealt
1678 3263 65 28 with
1763 3264 46 27 the

998 3297 111 34 rhythm
1134 3299 114 28 method
1272 3299 37 28 of
1331 3299 72 28 birth
1427 3300 121 32 control,
1574 3300 47 28 the
1644 3300 67 33 only
1734 3300 73 28 birth

997 3335 109 28 control
1116 3335 115 29 method
1240 3336 118 28 allowed
1368 3336 36 34 by
1413 3336 47 28 the
1468 3337 124 28 Church.

1033 3373 181 28 Westheimer
1231 3373 61 28 said
1311 3374 49 27 she
1379 3374 117 28 believes
1515 3374 48 28 the
1581 3374 114 28 method
1717 3374 22 28 is
1757 3380 52 22 too

996 3409 186 34 complicated
1209 3415 30 22 to
1264 3410 35 28 be
1325 3410 68 28 used
1419 3411 38 33 by
1480 3418 138 26 everyone
1645 3412 117 28 because
1789 3411 18 28 it

997 3446 122 34 requires
1139 3446 147 34 collecting
1305 3447 68 28 data
1393 3447 57 28 and
1470 3447 148 34 analyzing
1639 3448 46 28 the
1706 3448 103 34 body's

998 3483 79 34 point
1086 3483 29 29 in
1123 3484 48 28 the
1179 3484 151 28 menstrual
1338 3484 86 34 cycle.

1030 3523 44 28 To
1083 3530 106 21 answer
1199 3531 18 20 a
1228 3523 130 33 question
1371 3521 74 28 from
1457 3529 17 20 a
1485 3529 112 20 woman
1611 3523 64 27 who
1686 3523 60 28 said
1759 3523 48 28 her

995 3560 129 35 religious
1150 3560 98 29 beliefs
1274 3558 149 35 prevented
1449 3557 49 29 her
1524 3558 75 28 from
1627 3559 80 35 using
1734 3561 72 28 birth

994 3597 110 28 control
1115 3597 67 28 with
1193 3596 48 28 her
1252 3595 160 34 boyfriend,
1424 3595 182 28 Westheimer
1616 3597 118 28 stressed
1746 3597 60 29 that

1857 446 66 26 each
1945 446 130 27 situation
2096 447 21 26 is
2136 447 143 27 different.
2355 448 84 26 could
2460 456 81 18 never
2561 457 103 17 answer

1859 482 72 26 from
1949 483 72 26 here.
2042 484 26 25 If
2083 484 17 26 it
2120 484 21 26 is
2158 485 104 31 against
2282 485 47 26 her
2347 485 114 32 religion
2480 491 30 20 to
2528 493 46 19 use
2592 485 71 27 birth

1856 519 119 32 control,
1987 520 62 26 then
2061 521 60 32 why
2131 521 22 26 is
2163 522 47 25 she
2220 522 100 31 having
2331 522 158 31 premarital
2500 523 62 25 sex?

1951 557 101 27 believe
2075 558 56 26 that
2156 566 16 19 a
2195 559 97 26 shared
2317 559 204 31 responsibility
2544 559 34 26 of
2599 568 49 17 con-

1857 594 160 31 traceptives
2027 594 21 27 is
2058 602 15 19 a
2084 595 57 32 sign
2152 596 34 25 of
2193 604 15 18 a
2218 596 74 31 good
2531 596 47 26 she
2589 596 68 27 said.

1892 631 52 26 She
1959 632 58 25 also
2032 632 57 26 told
2105 633 45 26 the
2164 633 133 26 audience
2312 634 57 26 that
2385 634 135 31 although
2537 641 37 19 no
2590 634 72 26 form

1855 668 34 26 of
1905 668 71 27 birth
1993 670 108 25 control
2120 670 22 25 is
2164 671 47 25 100
2229 676 108 26 percent
2357 671 139 30 effective,
2516 671 45 25 the
2578 672 83 25 safest

1855 706 54 25 and
1928 706 94 26 easiest
2044 707 112 26 method
2176 708 48 26 she
2243 708 48 26 has
2313 708 89 26 found
2422 708 22 26 is
2463 708 46 26 the
2528 708 132 26 condom.

1856 743 176 27 Westheimer
2044 745 58 25 said
2114 752 79 24 every
2205 753 64 18 man
2281 745 54 26 and
2349 753 109 19 woman
2472 746 63 25 who
2545 754 117 24 engages

1855 780 26 26 in
1894 789 44 17 sex
1960 782 54 25 and
2027 782 62 25 who
2101 782 20 25 is
2133 787 48 21 not
2193 783 88 31 trying
2293 788 30 20 to
2335 783 68 26 have
2414 783 122 26 children
2562 784 99 25 should

1854 825 77 25 carry
1940 818 135 26 condoms
2087 819 25 25 in
2123 828 15 17 a
2148 828 82 23 purse
2238 828 31 17 or
2280 820 88 26 wallet
2379 826 26 20 at
2417 821 34 25 all
2463 821 89 25 times.

1889 855 42 26 To
1950 855 45 27 the
2015 855 131 28 audience
2166 857 47 26 she
2233 857 95 31 asked,
2468 866 82 23 many
2571 866 89 23 sperm

1855 892 66 26 does
1932 893 17 25 it
1960 893 63 26 take
2033 898 28 21 to
2070 899 43 26 get
2125 894 46 26 her
2181 894 151 32 pregnant?
2343 895 62 26 One
2416 895 52 26 fast

1891 930 175 26 Westheimer
2081 931 57 26 said
2154 932 48 25 she
2215 937 101 20 cannot
2335 932 50 26 feel
2400 940 77 24 sorry
2494 933 44 25 for
2552 940 109 24 anyone

1855 966 61 27 who
1950 967 66 26 does
2052 973 46 20 not
2134 969 63 25 take
2232 969 44 25 the
2312 977 100 24 proper
2446 975 73 26 steps
2555 971 104 25 toward

1854 1005 158 30 prevention
2029 1005 70 26 after
2114 1005 122 32 learning
2251 1006 84 26 about
2353 1006 46 26 the
2413 1006 114 32 options
2542 1015 72 23 open
2631 1012 30 20 to

1854 1040 54 25 him
1919 1049 32 17 or
1961 1041 55 26 her.

1888 1078 41 25 To
1942 1086 102 18 answer
2057 1087 15 17 a
2086 1079 126 31 question
2226 1080 85 25 about
2326 1080 120 26 whether
2459 1087 31 19 or
2505 1086 46 20 not
2567 1088 92 24 young

1853 1115 97 31 people
1962 1115 83 32 today
2056 1123 46 19 are
2114 1124 28 18 as
2302 1125 29 18 as
2344 1125 92 23 young
2449 1118 98 30 people
2559 1122 100 27 twenty

1853 1159 74 23 years
1940 1159 62 24 ago,
2017 1153 178 26 Westheimer
2208 1154 69 29 said,
2339 1154 37 25 do
2390 1159 46 21 not
2451 1154 103 26 believe
2567 1162 92 24 young

1852 1188 97 32 people
1960 1189 83 31 today
2053 1197 45 18 are
2109 1198 76 17 more
2194 1191 121 31 sexually
2325 1192 156 25 interested.

1987 1225 101 32 forbid,
2103 1227 40 26 I'd
2156 1235 80 18 never
2247 1235 46 24 say
2305 1228 58 25 that
2375 1236 93 23 young
2479 1228 99 31 people
2590 1229 69 25 have

1851 1262 86 26 better
1947 1270 43 19 sex
2002 1263 64 26 than
2077 1264 77 26 older
2309 1264 48 26 she
2366 1264 69 27 said.

1849 1325 97 46 She
1958 1325 10 20 9
1969 1339 21 32 s
2003 1326 99 45 still
2115 1326 372 59 old-fashioned

1888 1413 44 26 On
1949 1414 44 26 the
2009 1414 104 32 subject
2130 1416 34 25 of
2177 1424 15 17 a
2208 1424 110 18 woman
2335 1417 112 32 making
2463 1418 61 25 love
2540 1424 29 19 to
2585 1426 76 19 more

1853 1451 64 25 than
1935 1458 52 19 one
2004 1459 62 19 man
2084 1457 25 21 at
2128 1461 15 18 a
2160 1453 65 26 time
2242 1454 180 26 Westheimer
2438 1456 140 25 answered
2596 1457 63 24 with

1853 1488 46 25 her
1938 1489 128 30 familiar,
2105 1490 100 26 almost
2245 1491 162 33 colloquial,
2522 1493 43 25 tell
2605 1501 54 23 you

1852 1526 163 32 something.

2112 1566 8 24 I
2148 1565 59 26 told
2235 1573 54 24 you
2319 1567 7 24 I
2356 1574 55 18 was
2437 1568 220 27 old-fashioned.

1852 1600 202 33 Relationships
2063 1609 46 19 are

1886 1638 62 25 And
1964 1638 78 26 while
2056 1639 47 25 she
2118 1640 123 26 revealed
2258 1648 82 24 many
2356 1640 69 27 facts
2440 1642 54 25 and
2512 1642 102 31 figures
2628 1648 30 20 to

1849 1674 45 26 the
1907 1674 141 32 audience,
2065 1676 179 27 Westheimer
2258 1678 140 26 reminded
2413 1678 74 26 them
2503 1679 57 26 that
2575 1679 48 27 she
2636 1680 21 26 is

1848 1719 16 18 a
1875 1711 105 27 trained
1992 1712 197 33 psychologist,
2201 1715 54 24 and
2268 1720 46 20 not
2327 1722 15 18 a
2354 1716 115 25 medical
2481 1716 109 26 doctor.
2604 1717 53 26 She

1848 1749 125 26 counsels
1988 1757 113 24 persons
2114 1750 65 27 with
2192 1751 92 27 sexual
2299 1752 151 31 problems,
2465 1753 47 26 but
2527 1754 67 25 does
2607 1760 48 20 not

1848 1790 41 26 try
1907 1790 29 21 to
1954 1786 135 31 prescribe
2107 1788 46 25 the
2170 1788 46 31 pill
2235 1796 32 18 or
2285 1796 53 24 any
2356 1789 79 27 other
2453 1795 63 27 type
2534 1790 33 26 of
2584 1791 72 26 birth

1849 1822 107 27 control
1972 1823 87 26 which
2076 1824 99 26 should
2192 1825 33 25 be
2241 1825 119 27 handled
2375 1827 36 31 by
2425 1834 16 19 a
2457 1827 97 26 doctor
2570 1827 26 26 in
2611 1828 46 27 the

1849 1858 95 27 office.
2051 1860 66 32 only
2152 1861 54 27 talk
2243 1862 86 26 about
2365 1871 15 17 a
2415 1864 122 25 condom
2573 1872 32 18 or
2640 1873 16 18 a

2056 1897 47 26 she
2114 1898 68 26 said.

1882 1934 177 26 Westheimer
2075 1934 57 27 said
2148 1935 49 26 she
2211 1936 21 25 is
2247 1941 47 20 not
2311 1936 88 32 trying
2415 1942 30 21 to
2459 1938 99 30 preach
2575 1938 77 26 when

1845 1971 48 26 she
1904 1971 58 26 tells
1974 1971 98 33 people
2083 1977 48 21 not
2143 1977 30 21 to
2184 1972 64 26 rush
2260 1972 59 27 into
2330 1974 133 31 anything
2474 1974 63 31 they
2548 1982 46 18 are
2604 1980 47 20 not

1845 2015 61 19 sure
1923 2008 98 26 about.
2140 2009 98 26 horror
2256 2009 97 27 stories
2374 2011 8 25 I
2403 2010 65 27 hear
2486 2011 85 26 about
2593 2011 58 26 first

1844 2044 171 32 experiences
2026 2053 45 18 are
2081 2054 63 23 very
2255 2047 47 26 she
2312 2047 69 26 said.

1987 2082 153 32 somebody
2155 2082 64 27 with
2236 2083 91 26 whom
2343 2091 53 23 you
2412 2092 46 17 are
2472 2085 180 31 emotionally

1844 2117 138 31 involved,
2002 2118 79 27 share
2099 2119 46 27 the
2162 2127 75 19 same
2255 2120 135 31 interests,
2408 2121 55 26 and
2482 2129 47 19 are
2546 2121 27 26 in
2591 2122 62 26 love

1882 2204 99 27 Before
1998 2205 131 33 finishing
2146 2207 46 26 her
2208 2208 110 31 speech,
2337 2209 179 27 Westheimer
2533 2211 57 25 told
2607 2211 46 26 the

1844 2242 93 26 crowd
1962 2242 58 27 that
2047 2243 47 27 she
2119 2244 50 26 has
2194 2252 81 19 never
2301 2246 47 26 left
2375 2254 54 24 any
2455 2247 77 32 place
2557 2248 49 27 she
2630 2248 22 27 is

1844 2280 132 32 speaking
1998 2280 116 28 without
2137 2281 121 33 learning
2280 2284 157 32 something
2459 2292 58 19 new
2540 2286 110 30 herself,

1844 2316 55 26 and
1915 2317 47 26 she
1976 2318 100 28 credits
2092 2319 57 26 that
2166 2324 30 22 to
2211 2327 35 19 an
2263 2320 139 27 increased
2420 2321 161 33 knowledge
2596 2323 54 26 and

1844 2361 151 19 awareness
2004 2355 87 26 about
2102 2363 46 19 sex
2158 2356 26 26 in
2195 2357 112 32 society.

1971 2391 147 33 therapists
2136 2401 80 18 never
2236 2394 69 26 have
2324 2400 29 21 to
2515 2396 47 27 she
2580 2397 69 26 said.

1845 2428 134 27 "There's
1988 2429 110 33 enough
2109 2430 77 27 work
2196 2436 29 21 to
2235 2439 36 24 go

1879 2466 189 31 Westheimer,
2081 2467 69 26 born
2163 2468 26 26 in
2201 2468 151 33 Germany,
2365 2478 54 17 was
2430 2478 16 18 a
2458 2470 93 26 victim
2562 2471 34 26 of
2606 2472 45 26 the

1844 2502 94 27 World
1953 2503 63 26 War
2030 2504 24 25 II
2068 2504 68 26 Nazi
2151 2505 164 27 Holocaust.
2330 2506 82 27 After
2424 2507 128 33 studying
2564 2513 26 21 at
2606 2509 44 26 the

1842 2539 134 27 Teachers
1996 2540 141 33 Seminary
2159 2541 26 26 in
2206 2543 162 30 Jerusalem,
2390 2544 46 26 the
2456 2545 146 27 Sorbonne
2622 2545 27 26 in

1843 2576 75 26 Paris
1936 2577 54 26 and
2009 2577 150 28 Columbia
2178 2579 166 32 University,
2364 2580 180 27 Westheimer
2562 2582 87 32 began

1842 2612 46 27 her
1897 2620 92 20 career
1998 2622 30 18 as
2037 2622 17 18 a
2064 2622 45 19 sex
2119 2615 130 33 therapist
2260 2624 37 18 on
2308 2617 47 26 the
2363 2617 40 27 air
2413 2617 27 26 in
2456 2618 74 26 1980.

1874 3039 54 27 She
1941 3039 22 27 is
1977 3045 72 21 most
2063 3040 91 33 proud
2166 3041 37 28 of
2213 3042 46 27 the
2274 3043 55 27 fact
2344 3044 58 28 that
2417 3044 48 28 she
2478 3045 50 27 has
2540 3046 109 27 created

1889 3077 173 34 community
2072 3077 37 28 of
2277 3080 65 27 who
2354 3082 135 33 regularly
2501 3088 67 22 tune
2579 3083 27 27 in
2619 3089 31 22 to

1838 3112 78 28 listen
1926 3118 31 22 to
1966 3114 58 27 her.

1877 3170 57 27 Her
1954 3170 79 27 radio
2051 3171 78 27 show
2149 3179 56 20 was
2224 3171 146 34 originally
2389 3173 147 27 broadcast
2558 3173 27 26 in
2606 3174 45 26 the

1841 3207 67 27 New
1919 3207 87 31 York,
2018 3208 68 27 New
2097 3209 93 32 Jersey
2199 3209 57 28 and
2265 3210 184 28 Connecticut
2460 3217 75 24 area,
2546 3210 47 28 but
2606 3210 45 28 for

1841 3244 46 27 the
1897 3249 59 28 past
1971 3245 31 27 18
2012 3245 114 27 months
2136 3245 19 28 it
2166 3246 51 27 has
2227 3246 69 28 been
2307 3247 85 27 heard
2403 3248 178 30 nationwide.
2593 3248 58 27 The

1840 3282 81 27 radio
1941 3282 77 27 show
2039 3282 22 27 is
2083 3290 64 20 now
2168 3283 27 27 in
2216 3284 100 27 almost
2342 3285 50 26 100
2411 3285 122 27 markets
2552 3286 55 26 and
2629 3285 22 27 is

1840 3318 148 29 broadcast
1997 3320 115 34 Sunday
2120 3320 141 34 evenings.

1876 3383 156 35 Ironically,
2051 3386 180 28 Westheimer
2247 3387 123 27 thanked
2387 3387 49 27 her
2452 3388 135 27 audience
2606 3389 44 27 for

1839 3420 34 27 its
1889 3426 116 28 support
2021 3422 37 27 of
2071 3423 69 28 both
2156 3423 49 28 her
2220 3424 81 27 radio
2315 3425 56 26 and
2387 3424 142 28 television
2546 3425 102 28 shows.

1839 3457 77 28 Until
1933 3459 119 33 recently
2068 3460 47 27 the
2131 3460 80 28 radio
2226 3461 78 27 show
2320 3469 57 20 was
2392 3461 86 28 heard
2495 3462 100 34 locally
2610 3470 39 20 on

1839 3494 193 30 WRNO-FM.
2043 3497 55 28 She
2107 3497 82 28 made
2198 3505 38 20 no
2247 3497 123 28 mention
2379 3498 59 27 that
2450 3498 47 28 the
2506 3499 78 27 show
2594 3508 55 19 was

1839 3539 38 20 no
1888 3531 95 35 longer
1993 3533 149 29 broadcast
2154 3534 74 28 here.
2242 3536 26 27 A
2278 3535 204 34 spokesperson
2493 3541 26 22 at
2534 3536 116 27 WRNO

1839 3569 60 28 said
1915 3569 58 28 that
1990 3569 47 29 the
2053 3571 101 27 station
2170 3571 116 28 decided
2303 3577 48 22 not
2368 3578 30 21 to
2413 3580 90 19 renew
2519 3573 49 27 her
2581 3581 51 19 con-

1839 3611 67 23 tract
1916 3606 80 28 when
2006 3607 19 27 it
2035 3614 50 21 ran
2094 3613 49 22 out
2154 3615 16 20 a
2181 3608 54 27 few
2244 3608 113 27 months
2365 3616 65 25 ago.

240 1951 68 46 '7/
333 1953 21 35 I
381 1952 93 36 hear
504 1951 51 46 of
578 1963 24 25 a
625 1951 202 45 freshman
863 1951 84 36 who

181 2006 257 36 masturbates
462 2004 99 46 four
592 2010 40 30 to
658 2004 84 45 five
773 2004 119 36 hours
923 2015 24 25 a

182 2059 86 43 day,
295 2059 21 34 I
334 2059 69 35 ask
425 2058 80 36 him
527 2063 41 30 to
590 2067 111 26 come
721 2057 79 36 talk
824 2062 40 31 to
886 2067 62 26 me

181 2112 81 35 and
290 2111 110 44 bring
428 2122 24 25 a
481 2110 212 45 transcript.
726 2110 22 36 I
777 2115 99 31 want
906 2115 41 31 to

182 2165 117 35 know
314 2163 122 36 where
446 2163 50 36 he
500 2162 112 46 finds
624 2162 63 36 the

650 2214 298 36 Westheimer

2046 2710 73 45 for
2148 2722 76 26 one
2252 2714 149 36 minute
2429 2716 54 35 do
2511 2716 23 36 /
2559 2727 69 33 say

1860 2762 143 37 believe
2029 2763 84 37 that
2137 2775 68 27 sex
2230 2766 33 36 is
2288 2768 221 45 everything
2535 2769 40 36 in
2602 2781 25 26 a

1857 2814 261 49 relationship.
2163 2818 152 38 There's
2348 2819 98 44 love,
2485 2821 142 39 there's

1856 2868 153 45 caring.
2032 2896 10 10 .
2064 2896 11 10 .

2326 2928 301 37 Westheimer

1004 1571 59 31 Dr.
1078 1571 91 31 Ruth
1187 1573 219 36 Westheimer,
1420 1583 58 22 sex
1488 1573 160 39 therapist

1491 1632 101 20 Photo
1601 1632 29 24 by
1637 1632 65 24 Mary
1710 1632 93 24 Pegnan

174 64 207 35 fcbnwry
390 64 38 31 7,
439 64 103 28 1M

1292 67 66 36 gy
1366 65 202 30 WAROOM

2490 57 183 46 15
