2903 3779
238 117 166 34 16

1361 121 66 36 (he
1436 120 199 29 MAROOB?

2368 118 204 35 February
2584 119 150 32 7,1986

376 725 151 42 Woodsy
537 725 69 34 Owl
617 735 87 34 says

384 767 105 34 Stash
500 769 86 33 Your
594 769 100 34 Thash

374 838 124 51 Give
511 852 34 37 a
557 838 144 53 hoot.

351 904 150 48 Don't
517 901 208 66 pollute.

268 994 110 36 Forest
394 995 142 41 Service,
554 996 167 36 U.S.D.A.
742 998 52 35 (9

934 226 75 30 Years
1019 242 43 18 aD!o
1071 236 48 25 ihcy
1130 237 52 20 used
1192 241 23 16 to
1225 237 54 21 have
1289 238 11 19 ii
1311 238 87 22 around
1409 239 35 21 ihe
1456 226 10 34 I

889 265 69 22 house
971 265 27 21 all
1013 265 34 22 ihe
1061 265 58 23 lime.
1136 267 14 20 Ii
1167 273 42 15 was
1224 268 51 20 used
1292 270 33 18 lor
1340 270 100 19 rewards.
1456 260 10 28 I

890 296 49 20 And
950 296 12 19 it
974 302 42 14 was
1025 296 47 21 also
1081 297 70 20 mixed
1162 304 28 18 up
1200 298 50 19 with
1405 303 61 45 ml

889 361 19 15 in
918 362 12 14 a
940 355 35 21 hoi
980 355 35 21 lie.
1278 354 188 30 OyMl

889 387 47 19 You
947 387 61 19 know
1059 377 124 33 cApSS

888 416 70 21 what?
969 417 14 20 Ii
1289 407 40 32 Li

1283 444 97 40 mm
1386 442 4 42 1
1399 448 13 27 *

887 477 49 20 And
947 483 41 19 DOU
1094 484 123 16 CRYSTALS

886 538 58 20 from
954 544 53 19 Dour
1018 538 94 21 favorile
1121 513 91 56 retailer.
1264 513 14 56 /
1410 522 54 42 tjJ

886 568 63 21 Whai
959 569 32 20 do
998 574 42 19 you
1051 569 61 21 ihink
1121 569 27 22 of
1156 569 60 22 thai?

885 619 136 32 There's
1034 620 75 38 only
1123 630 64 22 one

886 712 93 31 Rock
991 713 132 37 Candy.

886 768 88 20 Orsden
982 769 43 20 and
1036 768 93 22 Palmer.

885 797 61 26 Long
957 797 71 21 Island
1037 798 59 25 t'ily,

886 862 41 20 hor
936 862 77 20 almosl
1029 863 36 20 l(N)
1074 868 68 19 years.

963 895 89 30 F.M.
1067 895 149 31 Carriere
1228 896 64 30 and
1307 896 66 31 Son

961 940 90 31 Suite
1063 941 32 35 5,
1112 939 82 32 2307
1207 940 110 30 Banks
1328 940 48 31 SI.

1087 987 162 31 822-1117

675 1559 98 47 The
798 1559 120 54 Very
932 1558 116 44 Best

449 1624 248 48 Valentine
709 1624 215 47 Flowers
939 1625 105 45 and
1056 1624 238 49 Balloons

506 1700 99 45 For
629 1700 131 45 Your
773 1697 195 59 Special
991 1698 248 49 Valentine

681 1773 120 31 Danna
812 1773 122 31 Center
946 1771 82 32 Mall

692 1818 128 38 Loyola
832 1818 186 38 University

775 1863 161 32 861-0202

1927 222 402 51 INSURANCE

1999 293 95 47 For
2118 292 144 47 Your

1830 361 147 47 Auto
2001 373 61 34 or
2090 356 337 58 Motorcycle

1866 586 133 38 Cancel
2004 586 61 36 led
2076 588 77 34 Dec
2159 585 10 35 I
2173 584 81 36 ined
2266 587 31 34 D
2304 587 59 33 WI

1889 653 51 34 SR
1942 674 30 13 -~
1979 654 21 33 2
2018 654 30 32 N
2053 662 24 22 °
2089 653 86 33 Gne
2186 648 157 38 RefUS€Ki

1655 706 40 53 C£
1878 717 77 34 [ow
1977 713 168 42 Monthly
2162 715 187 39 Payments

1617 761 44 47 *
1752 771 190 81 B.J.
1993 761 511 88 CHAUVIN

1937 890 175 29 Insurance
2126 888 135 35 Agency
2277 887 44 28 lnC

1545 941 84 27 2620
1643 937 140 32 Filmore
1797 941 77 28 Ave.
1996 941 63 27 600
2072 941 94 33 Terry
2182 939 93 36 Pkwy
2352 941 97 27 H4U
2483 940 101 34 Judge
2599 941 99 27 Perez

1629 990 161 28 282-4415
2057 990 160 28 368-9969
2442 989 137 29 277-774

1994 1085 160 97 TbeS

1969 1184 311 56 Anserphone

2050 1235 176 56 System

2029 1318 214 26 ATTENTION

1852 1354 105 26 MALE
1967 1355 81 25 AND
2057 1355 152 25 FEMALE
2218 1355 202 26 STUDENTS!

1593 1412 55 24 Are
1658 1417 54 25 you
1723 1417 17 18 a
1750 1408 164 33 personable
1925 1407 168 27 individual?
2104 1408 56 25 Are
2171 1414 54 25 you
2237 1406 177 32 well-versed,
2426 1415 15 18 a
2452 1408 74 31 good
2537 1408 108 31 speller,
2657 1410 54 25 and

1557 1455 63 26 type
1638 1449 31 26 35
1688 1447 90 33 wpm?
1796 1446 102 26 Would
1916 1453 55 25 you
1988 1445 53 27 like
2058 1450 29 22 to
2105 1445 60 26 find
2182 1453 16 19 a
2213 1445 51 32 job
2281 1445 89 27 where
2386 1453 69 24 your
2471 1446 141 32 employer
2629 1447 81 26 could

1558 1488 75 26 work
1645 1486 108 27 around
1764 1493 69 24 your
1843 1484 96 27 school
1950 1484 101 27 hours?

1596 1526 24 26 If
1635 1533 55 24 you
1706 1532 51 19 can
1774 1523 76 27 work
1867 1523 34 27 20
1917 1523 83 27 hours
2016 1531 17 18 a
2049 1523 85 30 week,
2153 1522 144 27 weekends
2314 1522 138 31 included,
2470 1531 38 18 we
2525 1523 68 27 have
2609 1532 34 18 an
2661 1532 33 24 op-

1558 1565 143 32 portunity
1712 1563 44 26 for
1767 1571 65 24 you.
1845 1563 49 25 We
1904 1570 45 18 are
1960 1562 45 26 the
2016 1561 255 27 ANSERPHONE
2282 1561 143 27 SYSTEM
2436 1561 34 27 of
2480 1563 65 25 New
2556 1562 127 32 Orleans,
2695 1572 15 17 a

1558 1604 51 26 live
1622 1607 145 28 computer
1780 1601 114 27 assisted
1908 1601 146 31 telephone
2067 1600 153 32 answering
2233 1600 111 27 service.
2359 1601 49 26 We
2422 1601 69 26 have
2506 1600 48 27 full
2568 1602 55 25 and
2638 1607 58 26 part-

1558 1643 65 26 time
1636 1642 81 26 shifts
1729 1640 144 28 available.
1890 1640 63 26 Plus
1966 1639 119 27 benefits
2099 1639 66 27 such
2179 1647 29 19 as
2221 1639 65 27 time
2299 1639 54 27 and
2366 1648 15 18 a
2396 1639 60 27 half
2466 1647 36 19 on
2517 1640 122 32 Sunday,
2652 1641 56 26 sick

1558 1682 75 30 time,
1645 1681 55 26 and
1711 1680 63 33 paid
1786 1680 137 26 vacation.

1594 1721 120 31 Starting
1729 1720 88 31 salary
1831 1719 22 26 is
1867 1718 34 29 $4
1915 1726 34 18 an
1966 1718 80 26 hour.
2063 1718 49 26 We
2127 1726 45 18 are
2186 1726 34 18 an
2236 1717 80 32 equal
2331 1717 182 32 opportunity
2527 1719 140 31 employer
2683 1719 25 25 in

1558 1760 94 27 search
1663 1759 33 27 of
1704 1759 105 33 quality
1819 1757 176 27 individuals.
2008 1758 52 26 For
2071 1765 77 18 more
2158 1757 182 26 information
2351 1762 121 21 contact:

1884 1809 106 26 Brenda
2001 1809 191 32 Waguespack
2202 1811 26 23 al
2239 1808 144 26 885-5300.

1881 1847 69 25 3925
1961 1847 34 24 N.
2007 1846 59 25 1-10
2075 1846 107 24 Service
2193 1846 50 24 RD
2253 1845 74 25 Suite
2340 1845 48 25 117

1982 1882 135 29 Metairie,
2129 1882 47 26 LA
2204 1882 84 26 70002

968 2089 58 51 IS
1039 2089 132 51 THE
1190 2089 237 51 UNITED
1444 2088 247 52 STATES
1711 2088 133 50 RUN
1867 2088 83 49 BY
1965 2087 44 50 A

572 2196 1830 210 CONSPIRACY?

1217 2568 144 51 Hear
1374 2565 112 53 and
1503 2563 264 65 question

1176 2719 229 85 Ralph
1432 2719 378 83 Epperson

1352 2839 209 53 Author
1574 2838 60 50 of

1222 3010 108 51 The
1349 3010 225 51 Unseen
1593 3007 179 51 Hand:

790 3098 373 55 Introduction
1181 3098 60 48 to
1258 3107 34 39 a
1310 3090 415 64 Consplrltorlal
1744 3090 144 51 View
1901 3088 64 51 of
1979 3088 220 61 History

1105 3266 302 63 University
1422 3263 59 52 of
1501 3263 133 51 New
1651 3261 235 53 Orleans

919 3358 173 49 Room
1114 3352 205 53 8A179
1336 3351 59 51 of
1412 3349 95 53 the
1529 3347 276 53 Business
1825 3344 247 64 Building

1066 3439 159 62 (First
1241 3439 267 49 entrance
1525 3446 75 39 on
1635 3430 290 61 lakeside)

1027 3523 254 61 Monday,
1303 3520 268 63 February
1590 3518 66 50 17
1671 3542 15 12 •
1701 3517 124 51 8:00
1840 3525 127 53 p.m.

2211 3607 92 27 PAID
2313 3606 325 28 ADVERTISEMENT
