2870 3747
132 168 346 122 Chef
516 168 619 126 Clarence
1196 172 244 122 still
1505 202 443 92 savors
2019 168 565 154 cooking

436 399 38 31 By
485 400 72 25 Man
569 400 61 24 Bari

412 435 137 26 Editorial
556 435 100 26 Editor

165 514 43 26 He
218 514 94 26 stands
322 514 109 27 outside
442 515 44 26 the
497 515 71 26 back
579 514 71 27 door
660 514 35 27 of
702 514 123 27 Thomas
837 514 63 27 Hall
911 514 27 26 in

128 550 41 26 his
190 550 79 27 black
290 552 54 25 and
365 552 81 26 white
465 552 150 27 checkered
636 556 92 27 pants,
750 551 41 26 his
812 551 125 26 starched

128 587 82 26 white
219 587 66 26 shirt
296 588 54 26 and
360 589 42 26 his
414 589 139 32 foot-high
564 588 89 27 chef's
664 589 57 25 hat.

164 624 51 27 His
225 624 74 27 hand
310 633 80 19 never
400 630 77 27 stops
486 625 118 32 waving.

166 689 68 25 He's
246 688 132 27 Clarence
390 689 144 31 Williams,
547 690 55 25 and
613 690 60 26 he's
685 691 67 25 been
763 690 121 32 cooking
897 691 43 26 for

129 725 46 26 the
186 725 106 32 Loyola
303 725 99 27 Jesuits
413 726 45 26 for
467 727 34 25 27
511 734 87 24 years.

210 780 81 19 never
304 773 118 32 planned
435 781 37 19 on
486 773 80 33 being
579 781 16 19 a
718 773 59 27 said
790 773 146 31 Williams,

127 808 63 27 who
209 809 58 26 first
286 814 69 21 went
373 814 30 22 to
419 810 121 37 cooking
557 810 95 26 school
671 810 27 26 in
716 811 89 31 Japan
823 810 28 25 in
871 810 67 26 1954

127 845 79 27 while
232 846 106 32 serving
365 846 27 27 in
419 847 45 26 the
491 855 78 24 army
595 847 54 26 and
678 847 129 31 studying
833 846 103 27 atomic

127 883 126 28 warfare.
267 884 43 25 He
322 884 99 26 moved
434 888 30 22 to
475 884 125 32 Chicago
612 884 71 26 after
696 891 15 19 a
723 891 63 25 year
797 884 55 26 and
865 888 70 22 went

126 923 29 22 to
185 919 121 32 cooking
336 920 95 26 school
463 921 75 26 there
569 921 45 26 for
644 925 56 22 two
731 928 77 24 years
839 920 97 26 before

126 956 139 32 returning
283 961 30 22 to
331 957 66 26 New
414 957 127 31 Orleans,
560 958 90 26 where
667 958 34 25 he
718 965 55 18 was
791 957 71 26 born
880 958 54 25 and

126 994 104 26 reared.

225 1038 54 19 was
296 1031 63 26 then
377 1031 57 26 that
453 1033 9 24 I
481 1033 66 25 took
566 1032 53 26 this
633 1032 52 32 job
701 1039 29 19 as
747 1032 71 26 head

125 1067 134 27 Williams
276 1067 69 31 said,
459 1068 73 27 since
548 1069 65 26 then
631 1069 56 26 I've
704 1077 80 18 never
801 1069 100 26 missed
918 1077 16 18 a

124 1105 53 32 day
188 1105 33 26 of

160 1142 144 30 Williams,
318 1143 63 26 who
392 1143 58 26 said
463 1143 33 26 he
508 1143 74 26 loves
595 1143 40 27 his
646 1143 61 32 job,
720 1151 87 19 seems
818 1143 76 33 quite
906 1149 26 20 at

124 1179 83 26 home
224 1179 26 26 in
268 1180 46 26 the
331 1180 108 26 kitchen
457 1185 25 21 at
501 1181 122 26 Thomas
641 1181 73 26 Hall.
854 1182 78 25 when

124 1216 101 32 you've
236 1217 111 26 worked
359 1218 167 25 somewhere
540 1217 43 26 for
595 1218 32 25 27
639 1226 77 23 years
728 1226 54 23 you
795 1218 83 31 really
889 1223 41 26 get

124 1259 29 21 to
164 1254 51 26 feel
226 1254 186 27 comfortable
422 1254 64 27 with
562 1255 34 26 he
606 1254 68 27 said.

160 1291 42 26 He
216 1291 110 26 doesn't
342 1292 68 25 have
424 1299 53 19 one
492 1292 118 26 favorite
625 1292 80 26 food.
822 1300 51 19 can
889 1300 43 18 see

124 1328 51 25 I'm
186 1328 164 32 overweight
368 1348 6 6 .
392 1349 6 5 .
415 1349 5 5 .
438 1329 9 25 I
459 1328 60 27 love
733 1329 34 26 he
777 1329 68 26 said.

160 1365 50 26 But
232 1365 33 26 he
283 1365 47 26 did
350 1373 48 24 say
418 1366 33 26 he
470 1365 143 32 especially
634 1366 74 26 loves
729 1367 66 25 New
814 1366 117 26 Orleans

124 1402 80 31 food,
216 1403 135 31 Japanese
362 1403 69 26 food
442 1403 54 26 and
508 1403 187 32 surprisingly,
705 1403 69 33 junk
787 1403 80 27 food.

158 1439 134 26 Williams
313 1440 86 31 rarely
420 1440 86 26 cooks
527 1445 26 21 at
576 1440 92 26 home.
692 1441 43 29 He
755 1440 57 26 said
835 1441 59 26 he's
915 1448 15 19 a

122 1480 94 28 strong
231 1476 116 26 believer
361 1476 26 26 in
403 1477 133 25 women's
552 1477 46 31 lib,
613 1485 32 17 so
659 1477 33 26 he
706 1478 109 25 doesn't
830 1477 44 26 tell
889 1477 41 26 his

122 1513 63 26 wife
203 1513 62 26 how
284 1518 29 21 to
331 1513 83 26 cook.
435 1513 101 27 "She's
554 1521 15 18 a
587 1514 75 31 good
807 1514 33 26 he
859 1514 69 26 said.

323 1550 77 26 she'll
414 1551 49 25 ask
478 1557 43 19 me
536 1551 44 25 for
594 1550 94 27 advice
702 1551 53 26 and
772 1551 40 25 I'll
825 1551 60 32 give
899 1551 29 30 it,

122 1586 54 27 and
187 1586 23 27 if
221 1587 7 25 I
241 1586 79 27 don't
332 1586 54 27 like
397 1587 44 26 the
453 1587 81 30 food,
547 1587 68 31 well,
628 1587 63 26 then
706 1588 7 25 1
725 1595 51 18 can
786 1587 55 32 just
853 1595 36 24 go
900 1592 29 21 to

122 1624 101 31 Burger

163 1678 134 26 Williams
311 1678 66 26 likes
392 1683 28 21 to
435 1684 41 20 eat
492 1684 60 25 out,
568 1679 47 25 but
630 1678 77 32 picks
721 1686 15 18 a
751 1679 77 31 place
844 1678 43 26 for
902 1678 32 26 its

128 1715 79 30 food,
222 1720 48 21 not
284 1715 186 32 atmosphere.
533 1715 53 26 like
600 1716 118 25 Andrew
732 1716 156 31 Jaeger's,"
902 1716 33 25 he

126 1752 68 26 said.
321 1752 68 26 have
402 1753 163 31 reasonably
577 1753 103 31 priced,
693 1753 74 31 good
783 1753 79 30 food,
877 1752 58 26 nice

126 1789 150 26 waitresses
286 1789 54 27 and
351 1797 55 23 you
416 1789 79 27 don't
508 1790 68 26 have
587 1795 29 21 to
626 1798 71 18 wear
707 1798 16 18 a

1111 390 51 20 can
1177 391 54 25 pay
1246 384 77 26 twice
1336 391 31 19 as
1381 384 82 27 much
1478 389 27 22 at
1520 393 77 18 some
1611 385 102 32 places,
1729 386 54 25 and

975 420 45 26 the
1033 420 69 26 food
1113 420 56 33 just
1180 420 66 27 isn't
1381 421 133 27 Williams
1527 422 100 27 added.
1702 422 38 27 lot
1752 422 34 27 of

974 456 79 27 times
1065 465 54 24 you
1132 465 51 18 can
1198 457 59 27 find
1270 466 16 18 a
1299 458 68 27 little
1378 458 64 27 hole
1455 458 26 26 in
1494 459 45 27 the
1551 460 60 26 wall
1625 460 57 26 that
1697 460 85 31 might

974 494 68 27 have
1053 494 46 28 the
1111 495 58 27 best
1180 495 66 27 chef
1256 496 101 31 you've
1367 504 62 18 ever
1550 497 44 26 He
1605 497 57 26 said
1674 505 16 18 a
1702 497 37 26 lot
1752 498 34 25 of

973 532 46 26 the
1031 532 91 32 places
1136 533 64 25 with
1215 533 46 32 big
1274 540 95 20 names
1383 541 63 25 may
1460 534 69 27 have
1542 542 69 19 once
1625 535 68 26 been
1707 540 75 26 great

973 569 47 26 but
1031 577 46 19 are
1087 577 64 18 now
1158 570 57 32 just
1226 570 101 32 resting
1336 578 37 18 on
1384 571 69 26 their
1464 572 108 26 laurels.

1003 625 130 32 Cooking
1152 625 97 26 dinner
1269 625 43 26 for
1332 625 86 26 about
1439 626 33 25 50
1490 626 107 31 hungry
1616 632 61 19 men
1697 632 79 25 every

968 661 75 32 night
1057 661 91 27 would
1162 661 34 27 be
1207 662 111 31 enough
1330 666 30 22 to
1372 662 81 26 make
1465 669 108 24 anyone
1585 669 129 24 nervous,
1727 662 49 26 but

967 698 134 27 Williams
1124 698 58 26 said
1205 699 91 31 things
1318 699 108 31 usually
1448 706 50 19 run
1521 699 150 32 smoothly.
1697 699 79 26 "I've

967 743 91 22 never,
1075 735 27 26 in
1119 736 33 25 27
1169 743 87 24 years,
1274 742 61 20 ever
1351 735 96 26 ruined
1462 743 16 18 a
1643 735 133 27 Williams

967 772 69 31 said,
1138 772 9 26 I
1158 780 64 24 very
1231 772 106 26 seldom
1347 776 43 28 get

1003 809 51 26 But
1064 809 46 27 the
1119 809 195 32 compliments
1324 817 46 18 are
1380 809 137 32 plentiful.

1001 846 68 26 Two
1080 846 100 26 Jesuits
1191 846 63 26 who
1266 853 69 19 were
1345 846 135 32 grabbing
1491 854 15 18 a
1518 847 83 26 snack
1613 846 91 27 added
1715 847 59 25 that

965 882 64 32 they
1039 882 66 26 look
1118 882 120 26 forward
1250 887 29 21 to
1290 882 144 27 Williams'
1446 883 95 26 meals.
1638 883 105 31 gumbo
1753 883 22 26 is

965 927 45 24 my
1190 919 58 27 said
1263 927 63 23 one,
1427 919 157 33 everything
1599 920 33 26 he
1645 920 94 26 makes
1753 919 21 27 is

1094 956 126 26 Another
1240 956 69 31 said,
1492 964 52 19 can
1562 957 82 26 make
1661 957 112 26 biscuits

964 993 55 26 like
1028 993 133 26 Clarence
1170 994 95 25 makes
1275 1001 37 18 on
1323 994 112 31 Sunday

1001 1030 133 27 Williams
1152 1030 58 27 said
1229 1030 45 27 the
1292 1030 57 27 best
1369 1035 59 28 part
1447 1030 34 27 of
1497 1030 41 27 his
1554 1031 51 32 job
1623 1031 21 26 is
1662 1031 46 26 the
1726 1039 31 24 ap-

964 1068 151 32 preciation
1126 1068 34 26 he
1169 1072 57 27 gets
1238 1068 44 26 for
1292 1068 131 32 cooking.

1001 1105 71 26 "It's
1083 1110 75 27 great
1171 1109 29 22 to
1212 1113 44 18 see
1268 1105 98 32 people
1378 1105 83 32 enjoy
1539 1106 33 26 he
1584 1106 69 26 said.
1667 1106 64 26 And
1744 1106 27 25 in

964 1142 40 26 his
1018 1141 108 27 kitchen
1140 1142 33 26 he
1185 1142 49 26 has
1246 1150 16 18 a
1275 1142 75 26 book
1365 1142 74 26 filled
1452 1142 63 26 with
1528 1143 85 25 thank
1626 1151 54 23 you
1693 1148 78 21 notes

963 1179 54 27 and
1034 1179 230 33 complimentary
1281 1180 90 26 letters
1390 1179 71 27 from
1479 1180 108 27 visitors
1604 1181 62 26 who
1682 1185 44 22 ate
1743 1185 26 22 at

962 1218 123 25 Thomas
1097 1217 75 31 Hall,
1185 1218 89 25 hotels
1285 1218 33 26 he
1330 1218 48 26 has
1390 1218 107 26 cooked
1511 1218 43 26 for
1565 1218 53 26 and
1630 1218 139 26 chairmen

962 1254 33 26 of
1011 1254 188 32 departments
1217 1255 63 25 who
1297 1255 133 31 arranged
1451 1255 43 26 for
1512 1255 55 25 him
1587 1260 29 21 to
1633 1255 72 26 cook
1726 1255 44 26 for

962 1291 111 26 various
1083 1291 99 32 special
1193 1292 154 26 occasions.

1074 1336 54 19 one
1143 1328 65 27 time
1225 1329 9 26 I
1252 1329 66 26 used
1334 1334 30 21 to
1379 1329 38 26 do
1433 1337 16 19 a
1465 1329 36 27 lot
1519 1329 33 27 of
1566 1334 74 22 extra

962 1366 134 26 Williams
1108 1366 70 26 said.
1193 1366 65 26 "I'd
1273 1367 79 25 make
1365 1366 39 26 ice
1417 1367 149 31 sculptures
1581 1367 43 25 for
1638 1367 131 31 Loyola's

960 1402 142 31 cafeteria,
1124 1402 45 26 the
1189 1403 46 25 old
1258 1403 165 25 Dominican
1445 1403 121 31 College,
1588 1403 105 26 Tulane
1714 1403 53 26 and

961 1439 98 27 hotels.
1088 1440 51 26 But
1166 1447 63 19 now
1256 1439 50 27 I'm
1332 1439 102 33 getting
1460 1440 76 26 older
1561 1440 54 26 and
1643 1440 50 26 I'm
1720 1444 46 22 not

961 1476 114 32 looking
1086 1477 44 25 for
1141 1476 33 26 all
1186 1477 57 25 that
1254 1482 76 21 extra

996 1513 134 26 Williams
1146 1513 57 26 said
1220 1513 115 32 nothing
1351 1518 77 27 stops
1444 1514 55 25 him
1517 1514 71 26 from
1604 1514 102 31 getting
1723 1514 46 26 the

959 1550 111 27 dinners
1087 1555 49 22 out
1155 1550 43 27 for
1216 1550 45 27 the
1279 1550 109 27 Jesuits.
1408 1551 42 26 He
1467 1551 49 26 has
1532 1551 107 26 cooked
1657 1550 110 27 dinners

959 1588 120 31 through
1090 1587 133 26 electrical
1235 1593 99 20 storms
1345 1588 54 25 and
1410 1588 79 26 other
1499 1588 137 26 disasters.

1082 1624 69 25 have
1164 1632 48 23 gas
1227 1628 101 26 stoves,
1344 1632 31 18 so
1390 1624 77 26 when
1483 1625 45 25 the
1542 1624 145 32 electricity
1701 1632 66 24 goes

959 1665 48 21 out
1023 1661 8 25 I
1046 1660 55 32 just
1116 1660 69 27 have
1197 1665 30 22 to
1240 1661 72 26 cook
1327 1660 77 27 when
1419 1660 45 27 it's
1478 1660 51 27 still
1544 1660 64 32 light

959 1697 33 26 he
1007 1697 68 26 said.
1196 1698 45 25 the
1257 1697 177 32 refrigerated
1452 1698 67 25 food
1536 1698 108 26 doesn't
1660 1705 36 24 go
1712 1698 53 25 bad

959 1734 116 25 because
1085 1742 39 17 we
1135 1734 67 25 have
1213 1734 123 31 back-up

997 1788 133 26 Williams
1157 1788 65 26 feels
1247 1788 54 26 like
1326 1789 58 26 he's
1410 1795 57 25 part
1494 1790 34 25 of
1551 1791 45 25 the
1622 1790 96 30 family
1743 1794 26 20 at

1820 384 115 32 Loyola.
1949 384 41 26 He
2001 384 57 26 said
2070 384 77 25 when
2159 383 58 26 he's
2227 381 122 31 cooking
2359 381 46 25 the
2416 380 102 26 Jesuits
2527 384 63 26 stop
2601 380 27 24 in

1819 422 45 26 the
1878 421 109 27 kitchen
2001 426 29 21 to
2043 421 61 26 chat
2120 420 63 26 with
2198 419 68 31 him,
2281 418 54 27 and
2350 417 79 27 when
2443 417 34 26 he
2491 421 74 27 steps
2578 420 49 21 out

1819 459 45 26 the
1874 459 69 26 back
1954 458 71 26 door
2035 458 33 26 he
2078 466 80 18 never
2168 462 77 27 stops
2256 456 105 31 talking
2371 460 30 21 to
2411 455 46 25 the
2467 453 135 27 students.

1856 496 79 26 "I've
1947 496 68 26 been
2027 495 62 27 here
2102 502 31 20 so
2259 493 34 26 he
2305 492 69 30 said,
2509 490 34 26 of
2554 490 74 26 them

1819 533 44 27 tell
1883 540 42 19 me
1943 533 67 26 their
2029 537 109 27 parents
2157 531 58 26 told
2235 530 73 26 them
2328 533 29 22 to
2375 533 64 27 stop
2457 528 35 31 by
2510 527 54 26 and
2584 526 44 26 tell

1819 570 132 27 Clarence

1899 606 54 27 like
2065 606 34 26 he
2109 606 69 26 said.

1821 1743 159 29 Clarence
1997 1741 166 35 Williams,
2183 1741 144 31 Thomas
2339 1742 80 31 Hall
2428 1743 83 39 chef

2303 1798 99 21 Photo
2411 1799 29 25 by
2447 1800 66 25 Mary
2521 1802 91 24 Degnan

139 86 205 36 February
355 86 150 33 7,1986

1258 84 66 37 gjg
1333 86 199 31 MAROOHf

2462 91 163 36 17

1783 2506 93 26 Come
1890 2508 48 21 eat
1949 2506 71 25 with
2034 2514 35 17 us
2084 2511 29 20 at
2127 2506 124 25 Rascals
2296 2453 56 76 \~~l
2385 2513 33 17 r~D
2438 2453 4 96 I

171 2555 60 26 WOW
231 2536 94 48 eStu^]L
326 2536 9 19 n
335 2551 92 33 fxperts
1390 2543 176 24 Restaurant
1580 2543 24 24 &
1619 2543 75 24 Deli!
1710 2542 112 25 Pizazz!
1839 2542 50 25 It's
1904 2550 53 17 our
1971 2545 97 22 secret
2083 2543 169 30 ingredient
2306 2532 60 52 \\l
2384 2532 6 46 I
2444 2557 10 24 \
2531 2532 119 52 llmml

172 2583 71 31 JwW
243 2578 45 25 B*8*
565 2590 87 27 iocatO
653 2585 28 22 nt
732 2567 146 50 H&fl
929 2585 94 32 /s~\
1192 2573 29 44 \V
1397 2579 29 23 th
1429 2586 17 17 a
1449 2583 8 19 t
1473 2578 102 25 makes
1590 2578 123 25 Rascals
1728 2578 49 25 the
1792 2579 65 24 best
1872 2578 87 30 place
1974 2578 44 24 for
2032 2578 77 29 food,
2126 2578 51 25 fun
2192 2578 59 25 and
2313 2567 57 35 IU
2386 2567 7 35 1
2454 2581 6 36 |
2484 2580 21 22 /
2528 2567 122 50 /|^^H

177 3268 54 17 TtST
237 3266 144 18 PWWkRATTON
390 3265 135 17 SPCCJAUSTS
532 3264 61 18 SHC
602 3265 46 16 WM
1029 3246 152 53 ''yjjSjLp
1198 3279 5 6 ,
1224 3269 5 7 .
1291 3246 34 37 .1
1381 3250 26 33 J
1435 3258 14 34 i
1770 3255 37 39 ?i
2552 3256 91 34 ''

261 3456 97 18 Pnwiiml
364 3455 68 18 Ctottn
439 3456 16 16 Hi
461 3450 46 23 Min
513 3455 43 18 TkM

232 3473 2 37 .
269 3479 106 21 INMnwU
383 3478 11 19 t
408 3478 139 19 CHtntMftM
1048 3473 79 37 *^9c
1138 3482 5 15 ;
1158 3473 7 9 *
1187 3495 5 7 D
1432 3485 18 22 V
1460 3483 9 17 *
1536 3478 49 27 ~jf
1694 3475 40 23 T~
1743 3481 7 5 *
1893 3473 64 37 ;T'
1975 3481 8 10 *
2002 3473 13 30 i
2101 3478 13 18 D
2127 3488 6 5 *
2399 3479 12 12 '"
2596 3473 46 32 H

208 3510 33 21 Ftf
255 3508 124 23 lilmmlln
390 3509 59 20 AkMrt
461 3508 57 22 Mar
529 3508 80 23 CwHwt
832 3497 3 57 '
854 3500 27 54 |j*
894 3525 6 8 '
905 3513 88 35 Jj"''
998 3497 176 57 :D^^'#|^'';
1187 3518 22 21 '
1657 3522 73 32 3301
1868 3524 47 29 JUi
1919 3511 81 43 jffigjj
2049 3504 12 11 *
2078 3497 3 57 '
2135 3501 36 27 *
2197 3511 6 5 '
2451 3522 6 6 '
2595 3497 47 47 I

137 3572 17 15 m
160 3570 39 19 New
207 3571 37 18 *
252 3569 44 19 Suit
309 3569 65 22 Sut*
381 3571 12 14 h
409 3570 60 21 mpun
476 3568 104 21 fducjiion*
587 3569 57 20 Onitt
652 3572 28 17 Lid
729 3551 110 49 BfcD;
853 3567 19 27 .':
1369 3551 511 49 '
1988 3567 10 17 i
2596 3551 46 39 H

916 3668 129 7 ...%...
1211 3671 430 10 ...................,....
1648 3674 29 7 -8
1683 3674 12 7 ,
1700 3674 47 8 -#D
1752 3676 12 6 -
1911 3676 43 9 r
1965 3676 7 2 -
1983 3676 5 2 -
2040 3677 19 8 ii
2070 3676 22 9 11
2158 3675 42 10 iIT
2212 3668 2 17 i
2265 3668 4 17 v
2274 3668 77 17 niDiiill
2363 3676 275 9 iiiinii^iiiMujaigmmji
