2921 3741
193 2766 45 26 the
249 2765 107 32 highest
369 2764 27 27 in
408 2769 27 22 at
448 2764 66 27 least
527 2765 40 26 six
578 2772 87 25 years.
679 2764 111 33 Figures

192 2810 46 19 are
265 2806 48 22 not
339 2801 166 33 completely
530 2801 137 28 available
692 2800 98 28 before

196 2839 124 28 1981-82.

228 2876 70 31 Still,
324 2875 126 27 Roussell
474 2876 59 27 said
558 2876 117 32 Loyola,
700 2875 89 27 which

193 2921 55 19 was
264 2912 106 28 labeled
386 2920 55 19 one
455 2912 36 27 of
503 2912 47 27 the
564 2912 123 28 nation's

300 2949 27 28 in
337 2949 104 33 college
450 2949 149 28 education
609 2949 37 33 by
654 2949 59 27 The
722 2950 68 25 New

198 2987 72 28 York
289 2987 90 27 Times
394 2986 27 27 in
441 2987 78 30 1985,
535 2986 54 27 will
605 2986 134 27 maintain
756 2986 34 27 its

192 3023 178 34 competitive
378 3023 79 32 edge.

300 3060 53 27 will
379 3065 48 22 not
452 3060 87 27 affect
563 3067 53 20 our
640 3060 96 32 ability
759 3065 30 21 to

355 3097 35 27 he
417 3096 69 27 said.
613 3096 122 27 increase
762 3096 27 26 in

193 3136 100 27 tuition
325 3133 54 27 will
410 3138 48 22 not
490 3141 83 19 casue
603 3133 125 26 students
759 3137 30 22 to

192 3173 106 32 change
308 3171 62 33 why
379 3171 63 32 they
452 3170 81 28 select
543 3177 16 20 a

229 3209 107 33 Loyola
346 3208 101 28 tuition
458 3215 63 19 now
532 3206 84 28 ranks
626 3206 28 27 in
665 3206 47 27 the
722 3206 66 27 least

192 3246 145 34 expensive
384 3245 31 27 10
457 3249 109 28 percent
609 3243 35 27 of
684 3242 105 33 private

193 3283 171 29 universities
387 3282 27 26 in
439 3282 47 26 the
508 3286 128 28 country,
663 3280 125 27 Roussell

193 3322 69 27 said.

235 3364 30 26 In
301 3361 138 31 addition,
477 3360 124 27 students
637 3364 27 22 at
701 3358 94 34 public

198 3399 117 34 colleges
334 3398 56 28 and
408 3397 171 28 universities
598 3397 27 27 in
646 3396 149 28 Louisiana

198 3436 140 29 sustained
367 3435 47 28 the
441 3435 223 32 second-highest
694 3434 101 27 tuition

198 3475 132 30 increase,
364 3474 33 26 27
432 3477 122 28 percent,
589 3472 44 27 for
670 3472 125 30 1986-87,

198 3512 149 32 according
364 3515 30 23 to
410 3518 17 19 a
444 3514 92 28 report
556 3509 73 27 from
646 3509 149 27 American

198 3548 178 28 Association
408 3547 35 27 of
473 3547 76 26 State
581 3546 127 33 Colleges
739 3546 56 27 and

198 3585 188 29 Universities.

235 3623 125 28 Roussell
393 3622 59 27 said
484 3629 68 20 even
585 3621 65 27 with
683 3621 47 27 the
765 3621 30 26 12

832 2764 110 28 percent
990 2760 132 31 increase,
1171 2759 116 33 Loyola,
1336 2759 93 26 whose

831 2796 164 27 enrollment
1018 2796 22 27 is
1061 2796 163 27 dominated
1247 2797 35 31 by
1304 2796 124 26 «zudents

833 2834 73 27 from
932 2834 45 27 the
1001 2834 66 27 New
1090 2834 119 27 Orleans
1231 2833 197 32 metropolitan

832 2878 57 24 are,
899 2870 54 27 will
963 2875 48 22 not
1022 2870 35 27 be
1065 2870 170 33 out-pricing
1244 2870 34 26 its
1288 2870 116 26 market.

986 2916 41 18 we
1055 2907 89 27 raised
1174 2907 18 26 it
1223 2915 65 19 near
1319 2907 107 30 $6,000,

832 2944 118 33 though,
974 2944 66 28 then
1063 2944 100 33 people
1186 2944 85 33 might
1296 2943 132 32 seriously

832 2986 66 23 start
915 2982 115 32 looking
1044 2986 27 22 at
1087 2981 80 27 other
1182 2988 79 20 areas
1276 2985 30 22 to

832 3018 34 26 he
875 3018 69 27 said.

863 3080 118 26 Seaman
999 3080 60 27 said
1077 3081 49 25 Dr.
1147 3081 123 26 Rebecca
1289 3081 134 30 Brechtel,

828 3115 126 28 Director
989 3116 35 27 of
1059 3116 187 32 Admissions,
1283 3116 58 27 told
1380 3117 45 26 the

827 3152 100 27 tuition
942 3153 213 27 subcommittee
1169 3154 58 27 that
1242 3154 47 26 the
1303 3154 121 27 increase

826 3189 93 27 would
940 3194 48 22 not
1010 3189 69 27 have
1099 3198 17 18 a
1136 3190 125 33 negative
1280 3190 84 27 effect
1386 3198 37 20 on

826 3226 175 27 recruitment
1013 3231 27 22 at
1053 3226 53 27 this
1117 3227 75 27 time.
1208 3228 43 26 He
1261 3227 91 27 added
1364 3228 58 27 that

826 3264 35 26 he
907 3264 92 33 hopes
1047 3264 156 28 Brechtel's
1249 3264 175 28 admissions

825 3300 161 34 campaigns
1014 3301 52 26 will
1094 3306 64 28 stop
1185 3303 46 26 the
1258 3303 164 27 enrollment

825 3338 115 27 decline.

864 3397 124 27 Brechtel
999 3397 125 27 declined
1136 3401 29 22 to
1176 3400 141 23 comment
1330 3402 37 20 on
1380 3395 46 27 the

827 3435 100 27 effects
936 3435 35 27 of
978 3434 101 28 tuition
1088 3441 38 20 on
1136 3434 176 27 enrollment.

863 3472 192 34 Competition
1073 3471 64 27 with
1156 3471 47 28 the
1220 3470 156 33 University
1394 3470 34 27 of

828 3511 66 25 New
909 3510 118 27 Orleans
1040 3509 55 27 and
1109 3509 80 27 other
1203 3513 69 23 state
1286 3507 55 28 and
1356 3507 71 28 local

827 3546 118 33 colleges
972 3547 69 26 does
1068 3546 63 27 hurt
1161 3546 118 33 Loyola,
1308 3546 119 27 Seaman

828 3584 69 27 said.
922 3584 144 33 Although
1090 3584 107 33 Loyola
1219 3583 84 27 ranks
1325 3583 53 27 low
1400 3582 27 27 in

828 3620 101 28 tuition
957 3629 103 25 among
1087 3621 131 27 Catholic
1245 3619 183 32 universities,

1460 2762 75 26 these
1562 2770 47 18 are
1635 2767 49 21 not
1713 2763 83 32 really
1825 2762 132 33 Loyola's
1983 2770 57 19 com-

1460 2799 125 31 petitors,
1596 2799 34 26 he
1640 2798 70 27 said.

1496 2836 44 26 He
1587 2836 62 27 said
1698 2836 35 27 he
1780 2837 92 32 hopes
1919 2836 140 33 vigorous

1460 2872 174 27 recruitment
1650 2872 83 27 could
1750 2874 75 26 draw
1841 2873 125 27 students
1981 2880 78 25 away

1462 2909 71 27 from
1544 2909 104 27 others.

1494 2961 90 31 Byron
1600 2960 117 31 Arthur,
1733 2960 116 26 Student
1865 2959 190 26 Government

1457 2996 177 28 Association
1674 2996 137 33 president
1850 2996 56 26 and
1943 2995 61 27 also
2042 3002 16 19 a

1457 3034 123 27 member
1590 3034 34 27 of
1634 3034 45 26 the
1689 3033 226 30 subcommittee,
1927 3032 59 27 said
1998 3032 58 26 that

1457 3071 34 27 he
1504 3071 47 27 felt
1565 3078 78 19 more
1654 3078 90 19 aware
1756 3070 34 26 of
1800 3069 110 27 student
1923 3076 135 20 concerns

1457 3108 67 26 than
1534 3108 94 26 others
1637 3115 38 19 on
1686 3107 46 27 the
1741 3112 170 22 committee.

1492 3161 30 26 In
1553 3160 127 27 addition
1712 3165 30 22 to
1773 3161 114 32 hearing
1918 3160 46 27 the
1996 3167 45 25 per-

1454 3198 126 32 ceptions
1602 3197 35 27 of
1656 3203 109 21 current
1789 3198 137 30 students,
1949 3197 106 27 Arthur

1455 3234 59 27 said
1530 3235 35 26 he
1579 3234 80 27 often
1676 3242 93 19 comes
1786 3235 59 26 into
1860 3239 111 22 contact
1989 3234 65 27 with

1455 3272 64 33 high
1530 3272 98 28 school
1638 3272 135 28 students.

1562 3310 39 26 lot
1623 3310 123 32 perceive
1768 3317 31 20 us
1821 3309 183 34 quality-wise
2026 3315 30 21 to

1456 3352 47 22 not
1523 3347 34 27 be
1575 3355 30 19 as
1623 3347 75 32 good
1716 3355 29 19 as
1764 3355 40 19 we
1822 3347 83 32 really
2022 3347 34 27 he

1456 3384 68 27 said.

1495 3437 106 32 Loyola
1612 3436 79 27 often
1703 3437 68 27 does
1783 3442 47 22 not
1844 3438 77 26 show
1934 3437 125 27 students

1457 3474 111 32 enough
1608 3481 98 20 reason
1746 3479 30 22 to
1814 3482 53 25 pay
1905 3482 17 19 a
1960 3474 99 33 couple

1459 3511 140 27 thousand
1612 3511 105 27 dollars
1729 3520 77 18 more
1818 3517 30 21 to
1860 3519 81 19 come
1954 3512 63 26 here
2031 3520 28 18 as

1458 3549 126 33 opposed
1607 3554 29 22 to
1656 3549 85 33 going
1761 3554 30 22 to
1813 3549 151 27 Louisiana
1985 3549 75 27 State

1459 3586 168 33 University,
1639 3587 105 27 Arthur
1754 3587 69 28 said.

1579 3631 53 19 our
1668 3624 91 32 major
1794 3624 149 32 recruiting
1980 3623 79 27 focus

2096 2766 147 28 continues
2260 2771 32 21 to
2308 2765 34 25 be
2360 2764 27 25 in
2407 2766 67 25 New
2490 2766 132 34 Orleans,
2640 2772 64 28 then

2093 2810 39 19 we
2143 2803 69 26 have
2221 2810 17 19 a
2423 2803 33 25 he
2466 2802 69 27 said.

2128 2839 59 27 The
2232 2839 101 27 tuition
2379 2839 214 27 subcommittee
2639 2847 56 19 was

2092 2877 120 32 charged
2246 2876 65 27 with
2344 2876 166 33 developing
2544 2884 16 19 a
2593 2877 101 26 tuition

2093 2913 92 32 policy
2199 2918 31 22 to
2243 2913 82 27 allow
2341 2913 44 27 for
2400 2921 16 19 a
2430 2913 116 33 gradual
2562 2914 131 30 increase,

2093 2950 34 27 he
2157 2950 70 27 said.
2261 2950 145 32 Although
2436 2950 35 27 he
2501 2950 93 27 would
2625 2950 70 27 have

2093 2987 142 33 preferred
2262 2993 49 22 not
2339 2993 30 22 to
2396 2995 44 19 see
2467 2995 16 19 a
2509 2987 184 33 double-digit

2093 3024 122 27 increase
2234 3025 53 26 this
2306 3032 74 25 year,
2401 3025 104 26 Arthur
2524 3024 58 27 said
2602 3025 16 25 it
2639 3032 56 19 was

2094 3069 143 24 necessary
2273 3067 30 21 to
2338 3062 70 32 keep
2444 3061 104 33 faculty
2584 3062 111 26 salaries

2093 3098 188 33 competitive.

2134 3154 58 26 The
2214 3154 122 28 increase
2358 3164 55 19 was
2435 3158 144 31 presented
2602 3164 30 21 to
2655 3159 45 27 the

2097 3191 161 28 committee
2267 3200 30 19 as
2308 3201 16 18 a
2335 3194 143 32 necessity,
2490 3194 34 27 he
2533 3195 101 27 added.

2134 3229 126 27 Without
2273 3237 78 20 more
2363 3238 111 25 money,
2489 3232 105 32 Loyola
2606 3234 92 26 would

2098 3271 48 21 not
2173 3266 69 27 have
2268 3267 106 33 quality
2400 3269 167 31 professors,
2595 3271 103 26 Arthur

2098 3302 70 32 said,
2198 3304 55 26 and
2281 3305 46 26 the
2355 3305 105 32 quality
2489 3305 34 27 of
2549 3307 148 27 education

2098 3340 93 27 would
2202 3341 99 27 suffer.

2137 3388 118 26 Seaman
2269 3387 58 26 said
2341 3387 45 26 the
2399 3394 64 18 near
2479 3386 91 26 future
2584 3393 116 25 appears

2102 3424 142 28 uncertain
2263 3424 43 27 for
2325 3423 115 33 Loyola.
2459 3424 43 26 He
2518 3423 59 27 said
2594 3423 106 32 growth

2101 3462 69 28 does
2185 3467 46 22 not
2248 3468 72 21 seem
2336 3466 29 21 to
2381 3461 34 26 be
2430 3468 16 19 a
2463 3460 116 27 realistic
2594 3460 62 32 goal
2673 3466 26 20 at

2102 3500 53 26 this
2166 3499 75 26 time.

2140 3546 119 30 Instead,
2304 3545 105 32 Loyola
2452 3544 100 26 should
2595 3542 104 27 remain

2104 3584 94 32 steady
2225 3583 56 27 and
2309 3587 115 27 attempt
2455 3587 30 20 to
2513 3581 125 31 improve
2667 3579 33 26 its

2104 3620 168 33 reputation,
2283 3620 34 26 he
2326 3619 71 26 said.

234 1158 131 36 Writer
375 1157 180 37 honored
566 1157 51 43 by
628 1156 140 37 Jesuits

267 1237 108 26 Walker
384 1237 86 30 Percy
481 1237 123 29 (center),
612 1235 113 33 former
733 1234 109 32 Loyola
847 1234 112 32 faculty
967 1234 131 30 member,
1114 1242 55 18 was
1176 1233 150 33 presented
1335 1233 47 27 the

225 1275 40 26 St.
280 1274 132 26 Edmund
423 1274 148 32 Campion,
584 1273 70 30 S.J.,
668 1272 155 27 Medallion
830 1272 53 33 for
892 1272 43 26 his
945 1272 111 30 literary
1065 1272 205 26 achievements
1280 1271 101 31 Friday

225 1311 79 33 night
329 1311 37 32 by
390 1312 66 26 Rev.
485 1311 109 26 Patrick
619 1310 137 32 Samway,
784 1310 70 29 S.J.,
881 1310 147 25 Associate
1052 1309 98 26 Editor
1174 1308 37 33 of
1230 1309 150 26 American

226 1349 155 33 Magazine.
397 1349 71 25 Also
479 1349 98 25 shown
590 1348 23 26 is
626 1348 47 26 the
686 1348 66 25 Rev.
773 1347 120 25 Thomas
908 1346 113 31 Clancy,
1037 1346 68 30 S.J.,
1121 1354 18 18 a
1151 1346 125 26 member
1289 1345 36 33 of
1335 1346 46 26 the

226 1387 95 25 Board
330 1386 36 32 of
375 1387 132 25 Trustees.

1088 1437 26 4 —
1117 1426 74 21 Photo
1199 1426 29 24 by
1234 1426 61 24 Judy
1302 1426 80 20 Coode

187 1540 255 95 SGA
468 1540 418 115 deluged
899 1542 226 93 with
1138 1545 440 117 funding
1606 1555 436 105 requests

364 1725 38 30 By
413 1725 80 30 Mary
503 1724 57 26 Caf
562 1724 57 30 frey

323 1761 140 25 Assistant
472 1761 82 25 News
562 1760 98 25 Editor

230 1841 134 31 Campus
424 1839 230 33 organizations
715 1838 74 26 have

194 1876 143 32 requested
360 1884 77 18 more
458 1876 66 26 than
546 1876 76 25 three
644 1875 78 26 times
745 1875 44 26 the

194 1918 115 22 amount
357 1912 33 27 of
435 1919 100 25 money
582 1912 45 26 the
673 1912 114 26 Student

194 1950 189 26 Government
406 1949 177 26 Association
606 1948 49 26 has
678 1953 29 21 to
729 1948 60 31 give

194 1987 85 30 them,
305 1986 73 26 SGA
403 1985 140 27 President
569 1986 91 31 Byron
684 1984 105 27 Arthur

194 2023 69 27 said.

343 2060 69 26 total
446 2064 122 28 requests
601 2067 69 18 were
702 2059 87 26 about

194 2097 127 31 $71,000,
360 2097 55 27 and
454 2105 40 18 we
530 2097 70 26 have

194 2135 104 26 Arthur
308 2134 69 27 said.

229 2172 58 27 The
308 2172 73 27 SGA
403 2172 82 32 Ways
507 2172 55 26 and
584 2172 98 26 Means
704 2172 64 25 Com-

194 2210 93 26 mittee
303 2210 83 26 heard
403 2214 122 28 requests
542 2209 71 26 from
631 2216 76 19 more
722 2208 67 26 than

193 2248 36 25 40
260 2255 115 24 campus
408 2246 205 33 organizations
647 2247 62 25 Jan.
745 2246 43 31 31,

193 2284 114 32 causing
321 2285 46 25 the
380 2284 118 32 meeting
513 2288 29 22 to
556 2284 49 26 last
621 2282 68 28 until
703 2283 85 27 about

198 2322 78 27 12:30
310 2329 69 20 a.m.
416 2321 198 33 Organization
652 2328 122 26 represen-

194 2360 97 26 tatives
308 2360 68 26 each
395 2360 55 26 had
468 2359 85 26 about
576 2359 31 26 10
624 2358 119 27 minutes
761 2363 28 21 to

195 2401 107 28 present
313 2397 69 26 their
392 2396 126 33 budgets.

229 2449 105 27 Arthur
359 2449 60 27 said
445 2450 46 26 the
517 2450 73 32 large
616 2450 116 27 number
757 2450 33 27 of

193 2492 122 27 requests
329 2487 21 26 is
364 2492 47 21 not
426 2487 128 27 unusual.
571 2488 63 26 Last
648 2492 139 26 semester,

192 2524 46 26 the
250 2524 73 27 SGA
335 2524 54 27 had
400 2524 220 33 approximately
631 2524 119 32 $18,000
760 2530 29 21 to

192 2560 126 28 allocate
363 2561 58 27 and
468 2566 132 27 requests
645 2562 143 27 exceeded

827 1704 125 32 $50,000.
1048 1705 135 32 managed
1195 1710 29 21 to
1235 1705 62 26 trim
1308 1705 18 26 it
1338 1705 82 26 down

937 1741 34 27 he
980 1741 68 27 said.

861 1779 58 25 The
943 1779 83 31 Ways
1050 1779 54 26 and
1131 1779 98 26 Means
1253 1779 169 26 Committee

827 1815 49 26 has
900 1823 77 18 more
1001 1823 101 24 money
1126 1820 29 22 to
1179 1816 76 25 work
1280 1815 64 26 with
1368 1816 54 25 this

827 1857 127 22 semester
975 1852 116 27 because
1110 1852 34 27 of
1162 1852 155 27 unclaimed
1339 1852 84 27 funds

828 1889 72 26 from
911 1889 50 25 last
973 1893 128 22 semester
1112 1889 53 26 and
1176 1894 60 21 cuts
1247 1889 81 26 made
1338 1889 26 25 in
1376 1890 46 25 the

827 1925 114 26 internal
961 1925 111 32 budget.
1092 1926 37 25 At
1149 1926 45 25 the
1213 1926 62 25 Jan.
1296 1926 33 25 28
1348 1925 72 27 SGA

824 1962 130 32 meeting,
976 1962 104 27 Arthur
1101 1962 58 27 said
1180 1962 34 27 he
1234 1970 55 19 was
1309 1962 62 27 able
1391 1968 30 22 to

826 1999 62 26 trim
905 1999 46 27 the
968 1999 114 27 internal
1101 2000 101 31 budget
1221 1999 53 26 this
1292 2005 128 21 semester

825 2036 71 26 after
917 2036 107 32 finding
1043 2036 33 26 he
1096 2036 46 26 did
1164 2041 47 21 not
1232 2037 69 26 need
1320 2037 35 26 all
1376 2037 45 25 the

826 2081 100 25 money
936 2073 134 27 allocated
1081 2072 50 28 last
1142 2078 138 22 semester.

860 2111 59 26 The
938 2111 73 26 SGA
1032 2111 52 26 will
1105 2116 48 21 not
1175 2111 99 32 simply
1294 2111 60 32 give
1376 2111 45 27 the

825 2148 205 32 organizations
1058 2155 16 19 a
1102 2153 162 28 percentage
1291 2149 35 26 of
1352 2149 69 26 their

826 2185 141 33 requested
985 2185 126 32 budgets,
1129 2186 104 26 Arthur
1250 2186 69 26 said.
1338 2187 83 31 Ways

825 2223 58 26 and
938 2223 105 26 Means
1095 2223 58 26 will
1206 2223 89 32 study
1347 2224 73 26 each

825 2260 217 33 organization's
1055 2260 101 33 budget
1171 2260 181 33 individually
1365 2261 55 27 and

825 2298 65 26 base
905 2298 45 26 the
965 2298 162 26 allocations
1142 2305 36 19 on
1194 2298 46 26 the
1253 2299 167 26 established

826 2335 72 26 SGA
920 2334 117 32 funding
1057 2334 117 27 criteria.
1319 2336 100 31 budget

825 2371 52 27 will
893 2372 34 26 be
939 2371 161 27 considered
1115 2379 37 19 on
1167 2371 34 27 its
1214 2379 63 19 own

825 2409 34 27 he
868 2409 69 27 said.

862 2452 58 26 The
945 2452 73 25 SGA
1043 2450 109 27 decides
1177 2450 47 26 the
1249 2449 118 32 funding
1391 2448 34 27 of

827 2488 175 32 community
1048 2487 104 27 service
1198 2487 124 33 projects
1368 2486 56 26 and

827 2525 175 28 educational
1021 2531 144 27 programs
1183 2531 38 20 on
1238 2524 47 26 the
1302 2523 72 27 basis
1392 2522 33 26 of

827 2563 69 27 their
926 2561 177 31 intellectual,
1132 2561 86 27 social
1247 2568 32 20 or
1308 2559 116 28 cultural

1464 1704 79 26 value
1561 1709 29 21 to
1609 1704 105 32 Loyola
1733 1705 134 30 students,
1887 1712 31 19 or
1938 1704 26 26 in
1983 1712 77 19 some

1463 1748 86 23 cases,
1561 1741 45 26 the
1615 1741 172 32 community
1797 1746 25 22 at
1835 1742 83 31 large.

1500 1778 44 25 An
1564 1777 218 32 organization's
1803 1777 133 33 handling
1956 1778 33 26 of
2009 1778 50 26 last

1464 1814 154 27 semester's
1630 1814 84 27 funds
1724 1814 59 27 also
1794 1815 52 26 will
1856 1814 87 33 weigh
1954 1814 106 33 heavily

1465 1851 26 25 in
1510 1851 45 26 the
1572 1851 134 30 decision,
1725 1852 104 26 Arthur
1847 1852 69 26 said.
1937 1852 72 32 Only
2028 1853 31 25 63

1463 1892 110 27 percent
1585 1888 35 26 of
1630 1888 46 26 the
1688 1896 101 24 money
1800 1888 135 26 allocated
1949 1888 49 26 last
2013 1888 46 26 fall

1463 1932 55 18 was
1535 1925 127 30 claimed,
1681 1925 147 32 according
1847 1930 29 21 to
1893 1933 16 18 a
1929 1925 130 27 financial

1463 1966 91 27 report
1579 1961 72 26 from
1676 1962 123 32 Douglas
1822 1962 140 30 Currault,
1987 1963 72 26 SGA

1463 1998 125 27 Director
1600 1999 33 26 of
1643 1999 129 31 Finance,
1784 2000 107 31 leaving
1903 2007 78 19 more
1992 2000 66 26 than

1463 2035 118 32 $7,500
1640 2036 201 27 unclaimed.
1902 2036 156 27 Thirteen

1462 2074 205 32 organizations
1690 2074 117 27 claimed
1832 2074 51 27 less
1908 2074 66 27 than
1999 2074 61 27 half

1463 2111 68 26 their
1541 2111 136 27 allocated
1689 2111 94 31 funds,
1794 2112 55 27 and
1861 2120 16 18 a
1888 2112 53 26 few
1951 2112 47 26 did
2010 2117 47 21 not

1463 2148 79 26 claim
1553 2156 53 24 any
1616 2149 34 25 of
1658 2148 69 26 their
1738 2157 110 24 money.

1498 2186 64 26 Arts
1597 2185 55 27 and
1687 2185 124 27 Sciences
1847 2186 212 32 representative

1464 2223 127 27 Michelle
1618 2223 111 27 Barrere
1755 2223 58 27 said
1840 2224 48 26 she
1914 2232 56 18 was
1993 2231 50 19 con-

1463 2261 98 26 cerned
1583 2261 58 26 that
1664 2268 76 19 some
1761 2261 208 33 organizations
1991 2269 68 19 were

1463 2297 160 27 unfamiliar
1637 2297 64 26 with
1716 2298 45 26 the
1776 2298 118 32 funding
1908 2299 152 31 procedure

1463 2334 54 27 and
1551 2334 99 27 should
1684 2339 47 22 not
1765 2335 33 27 be
1831 2334 142 33 penalized
2006 2334 53 27 this

1463 2376 127 22 semester
1622 2372 43 26 for
1695 2372 99 27 failure
1822 2377 29 22 to
1880 2372 80 27 claim
1990 2372 69 26 their

1463 2416 100 24 money
1573 2408 50 27 last
1636 2408 59 27 fall.

1498 2448 59 26 The
1581 2448 83 32 Ways
1688 2449 55 26 and
1769 2449 98 26 Means
1892 2449 168 27 Committee

1463 2492 55 18 was
1530 2484 149 27 scheduled
1692 2490 30 21 to
1734 2485 83 27 finish
1830 2486 34 26 its
1876 2486 76 26 work
1965 2493 37 19 on
2015 2486 45 26 the

1463 2521 101 32 budget
1587 2521 50 27 last
1660 2521 87 33 night,
1769 2523 55 26 and
1846 2523 139 31 Congress
2007 2522 52 27 will

1462 2562 64 22 vote
1535 2565 37 20 on
1583 2559 18 25 it
1612 2563 28 22 at
1651 2559 152 32 Tuesday's
1814 2560 129 31 meeting.

1452 174 920 96 Gramm-Rudman
2406 180 276 110 spells

1463 331 368 90 trouble
1863 329 157 92 for
2051 331 393 90 student
2476 329 156 92 aid

1646 490 38 31 By
1697 490 86 26 Helen
1796 492 78 31 Regis

1673 527 81 31 Staff
1761 528 88 26 writer

1496 605 58 26 The
1577 606 262 27 Gramm-Rudman
1864 607 50 26 law
1940 608 116 31 recently

1461 642 97 32 passed
1571 642 34 32 by
1616 643 139 32 Congress
1767 643 48 27 has
1826 644 45 26 the
1883 644 133 32 potential
2028 649 28 21 to

1460 679 192 32 considerably
1673 680 99 27 reduce
1793 681 45 26 the
1860 681 130 27 financial
2012 681 44 27 aid

1461 716 115 32 budgets
1588 717 34 25 of
1633 725 83 24 many
1729 717 180 31 institutions,
1925 719 47 25 Dr.
1988 719 66 26 E.P.

1460 753 130 32 Seybold,
1603 754 118 27 director
1732 755 34 26 of
1776 755 130 26 financial
1917 755 56 31 aid,
1986 755 67 27 said.

1655 792 52 25 will
1737 792 70 26 have
1837 797 28 22 to
1896 793 95 26 review
2023 793 32 26 its

1460 828 130 26 financial
1616 829 44 26 aid
1684 836 144 25 programs
1853 830 53 26 and
1931 830 123 27 envision

1459 865 63 26 how
1544 870 29 21 to
1597 866 107 32 replace
1726 874 53 24 any
1803 867 51 26 lost
2022 868 33 26 he

1458 902 70 31 said,
1544 903 95 32 noting
1654 903 57 27 that
1726 904 46 26 the
1787 904 146 31 university
1947 913 61 18 uses
2021 905 32 26 its

1457 947 63 18 own
1540 948 110 19 sources
1671 945 29 22 to
1720 941 172 33 supplement
1914 950 15 18 a
1948 947 105 27 greater

1458 978 110 31 portion
1592 978 34 26 of
1648 978 130 27 financial
1800 979 45 27 aid
1870 979 82 27 funds
1975 988 78 24 every

1457 1022 63 24 year
1545 1015 26 25 in
1596 1017 212 30 compensation
1835 1017 43 26 for
1903 1017 149 33 dwindling

1458 1051 103 28 federal
1572 1052 55 27 aid.

1491 1090 59 26 The
1589 1097 160 26 emergency
1791 1091 261 32 budget-balancing

1456 1126 51 26 law
1533 1126 66 27 calls
1627 1127 44 26 for
1698 1128 161 31 automatic,
1887 1128 150 27 across-the-

1456 1163 88 26 board
1561 1169 59 21 cuts
1637 1164 67 26 each
1722 1173 63 23 year
1803 1165 23 26 if
1841 1166 138 31 Congress
1997 1166 54 26 and

1456 1200 44 27 the
1537 1200 140 28 President
1712 1207 102 21 cannot
1850 1210 79 24 agree
1964 1211 36 17 on
2036 1211 16 18 a

1456 1238 110 32 budget.
1589 1239 58 26 The
1668 1239 50 26 law
1739 1239 120 33 requires
1880 1247 16 19 a
1917 1239 133 27 balanced

1455 1275 100 31 budget
1583 1275 36 32 by
1649 1276 61 25 1991
1741 1276 63 26 with
1831 1277 81 32 equal
1938 1282 59 21 cuts
2025 1277 26 26 in

1454 1311 113 27 defense
1577 1312 55 26 and
1642 1312 135 27 domestic
1787 1321 154 24 programs.

1490 1349 155 27 Education
1662 1349 92 27 would
1771 1350 33 27 be
1819 1350 125 32 required
1961 1355 28 22 to
2005 1356 44 21 cut

1454 1385 99 28 $170.9
1566 1386 106 26 million
1687 1394 28 18 as
1730 1387 32 26 its
1776 1387 78 27 share
1867 1388 34 26 of
1912 1388 45 26 the
1969 1388 81 28 $11.7

1454 1421 95 28 billion
1566 1422 26 27 in
1609 1428 59 21 cuts
1684 1424 125 31 required
1826 1425 35 31 by
1878 1425 97 25 March
1995 1426 8 25 1
2024 1425 25 25 in

1454 1460 45 26 the
1512 1460 66 26 1986
1589 1460 77 26 fiscal
1678 1460 112 32 budget.

2357 477 179 30 Department
2577 474 122 26 officials

2101 513 68 25 have
2196 513 46 25 the
2269 512 129 32 privilege
2424 512 34 26 of
2482 511 127 33 deciding
2636 512 63 26 how

2101 549 78 27 those
2214 555 59 21 cuts
2309 549 53 26 will
2398 549 34 27 be

2100 587 120 32 Seybold
2231 587 68 26 said.

2132 633 87 27 When
2248 632 263 28 Gramm-Rudman
2541 639 65 25 goes
2636 632 59 25 into

2095 671 95 30 effect,
2220 671 45 26 the
2293 670 153 26 allowance
2475 669 88 26 banks
2592 668 103 26 receive

2095 708 78 25 when
2193 708 64 31 they
2277 707 82 26 make
2378 706 179 26 Guaranteed
2578 705 115 27 Student

2097 745 91 25 Loans
2204 744 52 26 will
2273 744 33 26 be
2321 748 45 22 cut
2386 743 72 27 from
2476 743 43 27 3.5
2538 748 109 27 percent
2666 748 29 20 to

2096 782 40 27 3.1
2155 786 110 28 percent
2281 781 34 26 of
2328 781 45 26 the
2388 781 76 26 loan.
2482 780 143 31 Although
2641 779 54 26 this

2096 819 86 26 initial
2213 823 45 21 cut
2292 818 52 25 will
2377 818 70 25 have
2480 817 67 25 little
2580 816 113 32 impact,

2095 855 149 26 continued
2263 855 157 26 reductions
2438 854 26 26 in
2481 853 46 27 the
2543 853 152 27 allowance

2096 900 62 24 may
2180 892 60 26 lead
2262 892 88 26 banks
2371 897 30 21 to
2422 892 126 26 evaluate
2569 891 125 25 students

2095 929 181 32 individually
2289 937 29 18 as
2331 929 84 26 credit
2431 929 78 29 risks,
2525 928 79 26 while
2618 936 77 17 some

2095 967 89 26 banks
2207 974 63 24 may
2293 966 33 26 be
2347 965 152 26 convinced
2523 970 29 21 to
2574 965 61 32 give
2657 973 38 24 up

2095 1004 112 31 making
2225 1004 83 26 GSLs
2325 1002 123 33 entirely,
2467 1003 118 26 because
2601 1002 34 26 of
2650 1002 45 26 the

2095 1041 143 27 reduction
2250 1041 26 25 in
2287 1041 70 26 their
2368 1041 85 32 profit
2465 1040 116 32 margin.

2132 1087 28 26 In
2182 1093 129 25 response
2331 1091 29 20 to
2381 1085 132 26 forecasts
2534 1085 57 24 that
2613 1084 78 25 black

2094 1124 104 31 college
2215 1123 124 26 students
2358 1129 62 24 may
2437 1122 33 25 be
2488 1121 45 27 the
2551 1128 86 18 worse
2654 1119 38 27 hit

2095 1162 36 31 by
2154 1161 45 25 the
2223 1159 149 33 legislative
2395 1163 69 26 cuts,
2490 1157 119 33 Seybold
2635 1157 58 26 said

2095 1199 57 25 that
2174 1206 37 17 no
2232 1196 154 33 legislation
2406 1195 69 27 aims
2495 1201 30 21 to
2544 1200 44 22 cut
2609 1200 48 21 out
2679 1201 15 19 a

2096 1235 147 32 particular
2254 1242 89 25 group
2353 1234 34 26 of
2396 1234 107 32 people.

2132 1291 50 26 But
2195 1290 64 27 with
2271 1295 59 22 cuts
2342 1290 26 26 in
2381 1290 55 26 Pell
2448 1290 103 26 Grants
2563 1289 129 32 resulting

2094 1328 27 26 in
2142 1328 130 26 financial
2291 1327 44 27 aid
2355 1328 136 32 packages
2509 1327 57 26 that
2586 1326 107 32 require

2094 1365 125 26 students
2244 1369 29 21 to
2298 1365 111 25 borrow
2434 1372 76 18 more
2535 1364 55 26 and
2616 1364 75 25 work

2094 1410 88 23 more,
2200 1402 80 26 those
2297 1402 62 25 who
2375 1401 171 32 statistically
2563 1401 68 26 have
2648 1401 45 26 the

2094 1444 116 28 greatest
2230 1438 140 33 difficulty
2391 1438 107 33 finding
2516 1438 64 33 jobs
2600 1438 91 27 would

2096 1477 59 26 find
2171 1477 161 26 themselves
2348 1476 26 26 in
2390 1476 68 27 need
2473 1476 32 26 of
2518 1476 174 31 off-campus

2094 1514 88 26 work.
2208 1514 85 26 Work
2318 1514 81 31 study
2422 1514 64 31 jobs
2510 1521 46 18 are
2580 1518 48 20 not
2653 1512 26 26 in-

2094 1551 99 26 cluded
2204 1551 26 25 in
2241 1551 75 25 these
2326 1550 140 31 statistics,
2479 1550 119 32 Seybold
2609 1549 69 27 said.

2132 1589 28 26 In
2178 1588 66 26 such
2262 1588 85 26 credit
2365 1588 183 30 evaluations,
2568 1588 124 25 students

2095 1626 72 25 from
2217 1625 114 26 middle-
2378 1625 55 26 and
2483 1624 210 32 upper-income

2095 1662 116 26 families
2231 1662 91 26 would
2343 1662 58 25 fare
2420 1662 87 25 better
2526 1662 65 25 than
2613 1661 79 26 those

2094 1699 72 27 from
2184 1698 206 28 lower-income
2405 1698 206 33 backgrounds,
2628 1698 63 26 who

2094 1737 68 26 have
2188 1737 115 25 become
2329 1736 179 32 increasingly
2534 1736 156 32 dependent

2094 1781 36 18 on
2146 1774 83 26 GSLs
2243 1781 30 18 as
2289 1772 56 27 Pell
2361 1774 103 25 Grants
2479 1773 68 25 have
2564 1772 82 26 failed
2663 1777 29 21 to

2095 1811 68 30 keep
2174 1818 37 22 up
2221 1809 65 27 with
2298 1809 140 29 inflation,
2450 1809 119 30 Seybold
2581 1808 69 28 said.

2131 1862 68 25 Cuts
2224 1861 26 25 in
2275 1859 56 27 Pell
2355 1860 113 29 Grants,
2493 1857 130 32 designed
2650 1856 43 26 for

2094 1898 125 26 students
2232 1897 27 26 in
2273 1896 147 33 high-need
2434 1895 137 29 brackets,
2585 1901 36 24 go
2634 1893 58 26 into

2094 1935 84 27 effect
2191 1939 62 21 next
2267 1934 48 26 fall
2326 1933 55 26 and
2393 1932 53 26 will
2458 1931 136 32 probably
2605 1930 85 27 affect

2095 1972 157 27 borderline
2273 1971 125 26 students
2420 1969 63 27 with
2506 1969 45 26 the
2573 1968 118 26 neediest

2095 2010 125 26 students
2231 2008 80 32 being
2322 2007 109 33 spared.

2132 2046 143 32 Although
2306 2046 46 26 the
2382 2044 153 27 automatic
2565 2044 129 25 Gramm-

2098 2084 127 27 Rudman
2250 2088 60 21 cuts
2335 2090 46 19 are
2406 2089 93 19 across
2524 2081 45 26 the
2594 2079 99 30 board,

2097 2120 119 33 Seybold
2246 2120 58 26 said
2336 2119 56 26 Pell
2421 2119 88 26 Grant
2541 2117 153 33 legislation

2097 2158 126 27 contains
2247 2157 135 32 language
2406 2162 29 20 to
2458 2156 46 25 the
2527 2155 84 26 effect
2636 2154 58 26 that

2098 2195 79 27 small
2188 2200 92 27 grants
2293 2195 38 31 [to
2342 2194 52 26 less
2405 2193 86 31 needy
2502 2192 136 31 students]
2650 2199 46 18 are

2099 2233 117 27 reduced
2229 2232 80 26 while
2321 2231 73 32 large
2406 2235 93 28 grants
2513 2230 40 31 [to
2565 2229 46 26 the
2624 2234 71 21 most

2099 2271 87 31 needy
2196 2269 135 31 students]
2342 2276 46 18 are
2399 2272 47 22 not
2457 2272 45 22 cut
2513 2272 27 21 at
2552 2266 44 27 all.

2135 2306 182 32 Community
2328 2305 118 33 colleges
2458 2305 57 25 that
2529 2304 55 31 rely
2596 2303 100 32 largely

2099 2352 37 19 on
2149 2344 56 27 Pell
2217 2344 103 26 Grants
2332 2342 93 27 would
2437 2342 34 26 be
2483 2340 106 32 heavily
2602 2340 49 30 hit,
2664 2339 33 27 he

2099 2382 70 26 said.
2205 2381 51 26 But
2292 2380 72 26 since
2400 2377 130 33 Loyola's
2565 2377 132 31 auxiliary

2099 2417 163 34 enterprises
2277 2416 137 27 subsidize
2429 2416 45 26 the
2489 2414 139 27 Financial
2643 2414 54 26 Aid

2100 2455 96 27 Office
2226 2454 105 27 instead
2362 2453 34 27 of
2425 2452 100 27 tuition
2557 2459 139 22 revenues,

2100 2493 126 26 students
2239 2492 65 26 here
2316 2499 47 18 are
2377 2495 48 21 not
2441 2489 80 32 likely
2536 2494 28 21 to
2580 2488 90 27 notice
2683 2495 16 19 a

2100 2529 154 27 difference
2266 2528 27 26 in
2307 2527 69 27 their
2389 2526 69 28 total
2471 2526 45 27 aid
2530 2526 54 27 due
2597 2531 29 20 to
2639 2530 60 21 cuts

2101 2567 27 26 in
2140 2565 103 28 federal
2255 2565 128 31 funding.

194 96 204 36 February
409 97 151 32 7,1986

1317 96 63 35 gy
1390 96 199 28 WAROOM

2549 0 140 127 5

198 2657 190 47 Tuition

2338 2666 161 27 Continued
2501 2666 82 31 from
2590 2672 74 25 page
2677 2667 13 24 I
