2871 3748
193 1494 67 25 slow
273 1494 45 26 the
330 1500 163 26 percentage
505 1495 34 25 of
549 1495 134 26 increases
696 1495 26 25 in
734 1501 59 21 cost

192 1530 34 27 of
236 1530 82 33 living
329 1531 92 27 raises.

231 1568 113 26 Besides
393 1569 185 32 fundraising
626 1577 165 24 programs,

194 1605 105 31 Loyola
320 1605 52 25 will
393 1605 59 26 also
473 1606 70 26 have
563 1611 29 21 to
612 1606 66 26 level
700 1607 47 25 off
766 1607 26 25 in

192 1642 145 32 spending,
359 1642 105 32 Clancy
485 1643 69 25 said.
578 1644 42 25 He
640 1644 151 31 compared

192 1679 71 26 what
294 1679 141 27 President
464 1679 109 27 Ronald
603 1680 112 32 Reagan
743 1681 49 26 has

192 1716 74 25 done
311 1721 30 21 to
387 1717 125 31 improve
558 1718 45 25 the
649 1718 143 31 country's

192 1760 138 24 economy
346 1753 64 26 with
426 1754 72 25 what
514 1754 34 25 he
562 1759 109 26 expects
687 1755 106 30 Loyola

195 1795 30 19 to
234 1789 38 26 do
283 1790 86 25 about
380 1790 33 25 its
424 1797 62 18 own
499 1790 130 26 financial
640 1790 143 27 situation.

325 1826 134 31 [Reagan]
485 1826 110 26 refused
620 1832 30 20 to
674 1828 120 25 increase

195 1862 135 32 spending
342 1870 37 18 on
392 1870 84 25 many
486 1863 115 32 existing
612 1870 180 25 government

396 1900 105 32 Clancy
523 1900 68 26 said.
673 1908 45 18 am
743 1906 47 21 not

192 1936 94 32 saying
307 1937 105 31 Loyola
431 1937 52 25 will
501 1943 44 20 cut
567 1945 154 24 programs,
743 1939 45 25 but

191 1981 39 18 we
240 1974 73 26 can't
325 1979 95 26 expect
433 1979 28 21 to
473 1975 84 31 spend
570 1983 15 17 a
597 1975 37 25 lot
646 1975 33 25 of
689 1983 100 24 money

189 2018 37 18 on
238 2011 73 26 them

225 2048 105 31 Clancy
341 2049 58 25 said
413 2049 55 26 that
483 2049 24 25 in
520 2049 80 26 order
614 2049 43 26 for
670 2050 118 26 WWL's

189 2093 130 18 revenues
349 2091 28 20 to
405 2094 76 24 grow
510 2087 202 31 substantially,
743 2088 45 25 the

188 2131 136 23 economy
341 2123 33 26 of
391 2124 66 25 New
473 2124 117 25 Orleans
608 2124 92 26 would
719 2125 69 26 have

188 2165 29 21 to
245 2160 133 33 improve.
409 2161 26 26 If
460 2161 74 26 there
562 2169 68 18 were
657 2167 28 20 to
713 2162 32 25 be
772 2170 16 18 a

188 2198 104 25 sudden
312 2198 107 26 income
437 2198 51 27 rise
504 2206 104 24 among
626 2199 45 26 the
688 2199 99 32 people

188 2235 26 25 in
228 2236 64 24 New
304 2235 127 30 Orleans,
446 2236 16 25 it
476 2236 92 25 would
581 2236 130 32 certainly
724 2237 62 31 help

188 2272 91 26 WWL
322 2272 63 26 take
429 2272 26 26 in
500 2281 77 17 more
619 2273 166 32 advertising

187 2317 126 22 revenue,
325 2309 33 26 he
369 2309 101 27 added.

214 2690 112 32 Despite
346 2690 183 32 competition
552 2690 73 27 from
647 2691 38 26 six
708 2691 69 27 local

176 2726 142 27 television
339 2728 117 26 stations
477 2728 55 26 and
553 2729 45 26 the
618 2729 107 31 growth
746 2729 34 26 of

175 2763 88 31 cable,
287 2764 126 26 Channel
435 2766 17 24 4
473 2765 21 25 is
517 2765 26 26 in
568 2765 58 26 first
650 2766 78 31 place
750 2766 26 25 in

175 2801 70 25 local
278 2801 113 33 ratings.
427 2802 81 26 More
540 2802 66 27 than
640 2802 61 26 half
731 2803 45 26 the

174 2837 133 27 audience
325 2839 118 26 watches
461 2839 46 26 the
524 2839 127 27 Channel
668 2840 17 26 4
702 2848 73 19 news

174 2880 26 20 at
216 2875 16 25 6
244 2883 67 18 a.m.
327 2876 55 25 and
397 2883 87 23 noon,
499 2877 55 26 and
570 2884 77 19 more
660 2877 67 26 than
741 2878 35 25 40

174 2917 109 26 percent
295 2913 87 26 watch
393 2918 27 21 at
432 2914 16 25 6
457 2914 56 25 and
527 2914 32 25 10
568 2922 69 23 p.m.

213 2958 58 26 The
306 2958 148 32 university
490 2958 60 26 also
585 2966 78 18 owns
699 2958 81 26 radio

178 2994 116 27 stations
323 2995 165 26 WWL-AM
519 2995 54 26 and
605 2995 172 26 WAJY-FM

177 3032 55 27 and
282 3032 149 33 Lafayette
477 3032 146 27 television
671 3032 105 27 station

178 3070 170 26 KATC-TV.

208 3106 105 32 Clancy
326 3107 58 26 said
398 3108 100 25 KATC
510 3108 21 25 is
545 3112 47 21 not
605 3107 125 32 growing
742 3115 31 18 as

174 3144 52 27 fast
257 3152 29 19 as
316 3144 144 32 originally
489 3145 103 31 hoped.
726 3152 47 19 are

172 3182 144 26 confident
332 3190 39 18 we
386 3182 52 26 will
454 3187 48 21 not
518 3182 57 27 lose
589 3190 53 24 any
658 3189 111 24 money,

172 3219 47 26 but
245 3219 82 26 we're
350 3224 48 21 not
423 3226 29 19 as
476 3219 150 32 optimistic
653 3240 52 6 ...
733 3219 37 32 [in

172 3256 95 31 regard
279 3261 29 21 to
320 3256 62 26 how
393 3256 72 32 large
476 3256 99 32 profits
587 3256 52 26 will
650 3256 120 32 actually

263 3293 33 27 he
306 3293 70 27 said.

207 3331 24 26 A
250 3331 52 26 few
319 3338 76 25 years
412 3338 53 25 ago
484 3331 143 32 Lafayette
644 3338 55 20 was
716 3338 54 20 one

169 3368 35 26 of
228 3368 45 26 the
300 3368 94 26 fastest
421 3369 123 31 growing
570 3368 75 27 cities
672 3368 25 26 in
725 3369 44 25 the

169 3410 128 27 country,
311 3405 48 26 but
373 3405 118 26 because
502 3405 34 26 of
548 3405 32 26 its
592 3405 177 32 dependence

169 3450 36 19 on
219 3442 45 27 the
276 3442 139 32 slumping
427 3441 37 27 oil
477 3441 135 33 industry,
625 3442 46 27 the
682 3442 54 32 city
748 3441 21 28 is

170 3480 92 32 facing
289 3479 146 27 economic
462 3479 86 30 crisis,
578 3479 33 26 he
638 3480 69 26 said.
739 3480 29 25 In

168 3517 138 29 addition,
343 3516 78 26 while
456 3516 97 26 viewer
587 3516 102 32 ratings
724 3524 45 19 are

167 3554 132 32 climbing
320 3554 43 26 for
383 3553 112 31 KATC,
515 3553 44 26 the
580 3553 101 26 station
702 3554 67 25 does

167 3597 49 21 not
246 3591 71 27 have
347 3591 46 26 the
423 3590 98 33 largest
553 3590 79 26 share
662 3590 34 26 of
724 3590 45 26 the

166 3629 144 29 audience,
322 3629 34 26 he
366 3628 70 27 said.

858 1494 158 31 Generally,
1035 1494 18 25 it
1071 1500 102 20 cannot
1192 1495 33 25 be
1243 1495 103 31 argued
1364 1495 58 26 that

821 1530 112 33 owning
959 1538 17 19 a
1004 1530 142 27 television
1174 1531 101 27 station
1302 1539 96 19 causes

821 1567 141 31 problems
991 1567 45 26 for
1062 1575 16 18 a
1105 1568 129 26 Catholic
1261 1568 159 32 university,

821 1604 105 31 Clancy
942 1604 69 26 said.
1031 1605 28 25 In
1077 1604 114 32 keeping
1208 1605 64 25 with
1290 1605 131 32 Loyola's

821 1641 149 27 Christian
1021 1641 191 31 foundation,
1262 1642 34 26 he
1344 1642 75 31 said,

821 1679 141 26 television
980 1686 51 19 can
1050 1679 34 26 be
1101 1679 66 26 used
1186 1679 44 26 for
1247 1679 173 32 community

820 1716 101 26 service
932 1716 54 26 and
998 1720 28 21 to
1037 1721 129 27 promote
1176 1717 87 25 world
1274 1724 93 25 peace.

853 1762 119 32 Owning
988 1762 154 25 WWL-TV
1158 1761 21 25 is
1195 1760 59 26 also
1270 1758 146 27 beneficial

819 1806 30 20 to
860 1800 106 31 Loyola
976 1799 27 25 in
1013 1799 79 25 other
1103 1806 84 23 ways,
1198 1797 105 31 Clancy
1313 1795 70 27 said.

857 1837 56 25 For
960 1834 273 28 communications
1281 1834 137 25 students

820 1873 154 33 especially,
993 1872 131 32 Loyola's
1139 1872 178 25 investments
1332 1870 25 25 in
1374 1870 44 25 the

819 1911 90 25 media
943 1917 46 19 are
1023 1909 218 31 advantageous,
1278 1908 34 25 he
1346 1906 68 27 said.

817 1947 183 32 Twenty-five
1040 1950 108 28 percent
1191 1945 33 26 of
1263 1944 152 26 WWL-TV

817 1984 157 32 employees
985 1991 45 19 are
1042 1983 105 32 Loyola
1158 1983 157 31 graduates.
1329 1982 86 30 Many

817 2022 125 26 students
975 2028 45 19 are
1053 2020 61 26 able
1146 2025 29 20 to
1207 2018 137 32 complete
1377 2018 26 26 in-

817 2059 137 31 ternships
965 2064 25 20 at
1003 2058 92 25 WWL
1105 2065 30 18 as
1146 2056 68 31 well,
1227 2056 33 26 he
1270 2055 69 27 said.

1027 2096 17 25 4
1068 2095 48 26 has
1141 2102 16 19 a
1181 2093 117 33 positive
1323 2092 92 33 public

818 2134 88 31 image
932 2132 53 27 and
1012 2132 52 26 this
1091 2132 107 26 reflects
1224 2130 58 26 well
1307 2138 37 18 on
1371 2130 45 25 the

818 2170 157 32 university.
994 2170 91 25 We're
1101 2168 142 26 different.
1263 2168 49 25 We
1329 2166 85 27 won't

817 2208 37 26 do
865 2207 132 32 anything
1009 2206 44 26 for
1063 2214 15 18 a
1208 2204 105 32 Clancy
1324 2204 68 26 said.

850 2253 45 25 No
908 2259 53 18 one
973 2250 83 26 could
1070 2248 176 33 legitimately
1259 2255 48 24 say
1321 2247 91 25 WWL

815 2290 20 25 is
860 2288 95 27 biased
981 2288 116 26 because
1123 2287 18 25 it
1168 2286 20 26 is
1213 2285 99 26 owned
1338 2285 35 31 by
1397 2291 16 19 a

815 2326 128 27 Catholic
986 2325 166 29 institution,
1195 2323 105 31 Clancy
1342 2321 69 27 said.

816 2363 125 27 Channel
957 2364 17 24 4
990 2370 72 18 news
1078 2360 145 33 especially
1240 2360 20 26 is
1276 2359 137 33 objective

816 2402 54 25 and
882 2401 62 29 fair,
956 2400 33 25 he
999 2399 101 26 added.

851 2437 104 32 Clancy
971 2436 59 27 said
1046 2436 33 26 he
1094 2443 51 19 can
1162 2434 171 32 sympathize
1349 2433 63 25 with

817 2475 73 27 John
932 2475 55 26 and
1030 2475 91 24 James
1164 2472 140 29 McCann,
1348 2471 65 26 New

816 2512 116 26 Orleans
964 2516 150 25 attorneys,
1148 2509 63 26 who
1243 2508 109 27 refused
1385 2513 28 20 to

816 2550 103 25 donate
933 2548 135 31 $500,000
1081 2547 62 32 they
1157 2546 98 33 agreed
1269 2551 30 21 to
1312 2545 60 32 give
1385 2550 28 20 to

817 2586 45 27 the
882 2585 106 32 Loyola
1009 2586 62 25 Law
1092 2584 102 27 School
1214 2584 117 25 because
1351 2582 62 31 they

817 2630 69 19 were
913 2622 117 32 angered
1058 2622 34 31 by
1119 2629 16 18 a
1161 2620 153 26 WWL-TV
1341 2627 73 19 news

817 2660 91 26 series.
925 2659 57 26 The
998 2659 80 25 series
1093 2658 105 32 alleged
1214 2657 46 26 the
1274 2657 65 32 high
1355 2661 57 21 cost

817 2697 34 26 of
867 2696 144 27 insurance
1030 2695 25 26 in
1075 2695 149 26 Louisiana
1241 2701 55 19 was
1313 2693 100 27 caused

818 2734 26 26 in
857 2738 60 28 part
931 2733 34 31 by
977 2733 46 25 the
1034 2737 74 27 great
1122 2731 116 26 number
1250 2730 34 26 of
1294 2729 120 27 lawsuits

819 2770 75 26 filed.
1008 2773 101 22 cannot
1130 2768 80 27 tailor
1230 2768 45 26 the
1294 2774 73 19 news
1385 2772 30 21 to

817 2816 52 18 our
1031 2806 105 31 Clancy
1145 2805 68 26 said.

989 2843 21 26 is
1030 2843 45 25 the
1092 2847 72 21 most
1184 2841 139 33 respected
1343 2849 72 18 news

816 2880 194 34 organization
1029 2879 27 26 in
1202 2878 33 27 he
1254 2878 69 27 said.

817 2920 70 25 have
906 2922 30 22 to
955 2916 134 28 maintain
1109 2923 52 19 our
1179 2915 153 32 credibility
1351 2922 29 18 as
1400 2922 16 18 a

817 2964 73 19 news
904 2961 108 21 source.
1030 2955 8 25 I
1053 2953 74 27 can't
1143 2953 43 26 tell
1202 2953 45 25 the
1261 2960 72 18 news
1347 2951 71 26 staff

817 2994 59 26 that
896 2993 63 31 they
979 2991 74 26 can't
1075 2995 92 27 report
1187 2998 16 18 a
1223 2994 84 27 story.
1329 2989 87 31 Every

816 3030 76 33 good
904 3034 124 28 reporter
1040 3027 92 27 would
1146 3027 74 26 leave
1232 3027 23 25 if
1267 3027 8 25 I
1383 3026 34 25 he

816 3068 70 27 said.

852 3107 76 25 Most
947 3105 100 32 people
1064 3104 61 27 also
1142 3104 127 26 consider
1287 3104 46 26 the
1351 3104 64 26 land

816 3143 107 32 Loyola
945 3149 78 20 owns
1047 3142 26 26 in
1097 3142 109 26 Kenner
1228 3148 35 19 an
1285 3141 130 26 excellent

815 3181 175 29 investment,
1005 3179 107 31 Clancy
1125 3178 69 27 said.
1211 3179 50 25 Yet
1275 3177 141 32 problems

814 3226 80 19 arose
914 3217 49 27 last
984 3225 64 23 year
1067 3218 79 24 when
1168 3215 106 33 Loyola
1292 3214 123 27 officials

813 3254 152 33 attempted
1002 3259 29 22 to
1067 3253 47 27 sell
1151 3260 78 20 some
1264 3252 34 26 of
1331 3251 18 26 it
1386 3256 29 21 to

813 3292 171 33 developers.
1009 3292 144 26 Residents
1175 3290 63 26 who
1258 3289 71 26 lived
1351 3297 64 18 near

813 3330 46 26 the
882 3329 66 27 land
972 3328 69 27 tried
1067 3333 29 21 to
1121 3327 81 27 block
1230 3327 44 26 the
1299 3326 56 27 sale
1379 3325 36 33 by

812 3366 130 32 claiming
962 3366 57 26 that
1042 3364 125 33 building
1187 3372 60 19 new
1267 3364 100 26 houses
1388 3363 25 26 in

813 3403 57 26 that
890 3410 64 20 area
972 3402 92 27 would
1084 3407 91 22 create
1194 3401 105 26 serious
1319 3400 94 26 traffic

813 3441 151 32 problems,
976 3441 33 25 he
1020 3440 68 26 said.

848 3478 56 25 Ten
923 3485 75 18 acres
1015 3477 34 26 of
1065 3478 46 25 the
1128 3477 110 27 63-acre
1257 3480 67 22 tract
1344 3483 69 19 were

812 3514 61 26 sold
893 3522 38 18 on
952 3515 66 25 Dec.
1041 3515 43 29 31,
1109 3513 65 27 1985
1195 3518 29 21 to
1244 3513 45 26 the
1307 3513 55 31 city
1381 3513 33 25 of

813 3552 108 26 Kenner
935 3551 43 26 for
991 3550 63 29 $2.2
1066 3551 117 25 million.
1197 3551 58 25 The
1267 3550 54 31 city
1334 3550 78 31 plans

813 3594 29 20 to
854 3596 47 18 use
912 3588 19 25 it
943 3596 28 18 as
982 3596 16 18 a
1009 3588 80 30 park,
1102 3587 58 26 said
1174 3587 86 26 Paula
1272 3587 97 26 Devlin
1380 3587 34 25 of

813 3624 149 32 university
972 3624 142 27 relations.

515 2386 24 34 4
598 2384 70 36 has
728 2393 23 26 a

189 2440 167 46 positive
372 2438 135 46 public
527 2437 126 43 image
674 2436 79 35 and

194 2493 74 36 this
299 2491 154 46 reflects
488 2491 83 35 well
603 2500 51 24 on
689 2488 63 36 the

193 2546 218 42 university.

608 2596 146 41 Clancy

190 182 471 125 Sexual
690 180 817 125 harassment
1551 183 442 151 policy
2010 188 679 151 proposed

368 383 39 31 By
419 383 61 26 Lisa
491 382 111 27 Francis

314 420 141 24 Assistant
464 420 83 24 News
556 419 99 25 Editor

220 500 26 25 A
266 498 92 32 policy
378 503 146 22 statement
546 498 126 32 defining
693 498 92 27 sexual

185 536 184 26 harassment
419 536 58 26 and
524 536 199 32 establishing
770 543 16 19 a

183 573 151 32 grievance
381 573 158 32 procedure
586 573 45 26 for
679 573 107 31 faculty

184 610 148 31 members,
375 610 124 26 students
541 610 55 26 and
637 610 149 32 university

183 647 225 27 administration
437 647 27 27 in
492 647 93 27 sexual
613 648 172 26 harassment

183 693 76 19 cases
282 692 55 20 was
359 685 215 27 recommended
597 690 30 21 to
649 685 46 26 the
718 685 66 26 Rev.

185 723 93 27 James
314 723 33 26 C.
385 723 108 30 Carter,
530 723 70 30 S.J.,
637 722 149 32 university

184 760 150 32 president,
364 765 26 21 at
420 760 47 26 the
495 759 149 32 beginning
672 759 34 26 of
733 759 52 26 this

184 802 140 26 semester,
352 797 58 26 said
437 797 115 26 Vincent
580 797 31 26 P.
640 796 144 32 Knipfing,

184 834 59 27 vice
253 834 137 33 president
403 834 44 26 for
458 834 116 27 Student
585 834 120 26 Affairs.

220 872 58 26 The
293 872 140 32 proposed
449 871 92 32 policy
556 878 54 19 was
627 871 106 26 written
750 872 35 30 by

186 910 47 25 Dr.
284 910 125 25 Norman
460 908 136 31 Roussell,
646 908 139 26 executive

183 946 129 26 assistant
347 951 28 21 to
408 946 46 26 the
487 945 149 32 president.
673 946 21 26 It
729 953 55 19 was

184 983 128 27 modeled
335 991 36 18 on
393 983 97 27 earlier
512 983 272 26 recommendations

185 1021 73 26 from
283 1021 46 26 the
353 1020 97 32 Rights
474 1020 55 26 and
554 1020 120 26 Services
699 1020 64 26 Com-

184 1058 103 30 mittee,
331 1057 55 26 and
431 1057 73 26 from
548 1057 45 26 the
636 1057 148 26 American

184 1094 178 27 Association
383 1094 34 27 of
437 1094 160 27 Professors
619 1093 88 27 which
729 1101 56 19 was

185 1132 80 26 made
276 1137 29 20 to
317 1132 98 26 Carter
427 1132 26 25 in
466 1132 134 31 January,
617 1132 63 25 1985
693 1131 35 31 by
740 1131 45 26 the

186 1168 102 32 faculty
299 1174 104 24 senate,
416 1168 135 32 Knipfing
562 1168 69 26 said.

220 1217 24 26 If
257 1217 44 26 the
314 1217 91 32 policy
419 1223 146 21 statement
580 1219 21 25 is
615 1219 118 32 rejected
747 1220 35 31 by

181 1254 106 31 Carter,
307 1254 125 27 Roussell
448 1255 59 26 said
524 1255 18 26 it
560 1256 91 26 would
668 1256 70 26 have
753 1262 29 20 to

181 1298 34 25 go
226 1292 70 25 back
308 1297 28 21 to
347 1292 46 26 the
403 1292 124 31 drawing
538 1292 98 27 board.

857 362 119 32 Though
1010 362 46 25 the
1090 360 148 32 university
1271 360 68 27 does
1373 364 47 22 not

822 398 137 33 currently
976 399 69 26 have
1062 406 16 19 a
1094 398 102 33 policy,
1213 398 58 26 that
1288 398 68 25 does
1374 401 47 21 not

822 444 81 20 mean
918 436 58 27 that
992 436 92 26 sexual
1099 436 171 26 harassment
1286 442 76 18 cases
1376 442 46 18 are

822 474 146 30 tolerated,
982 474 133 31 Knipfing
1126 472 68 27 said.

860 512 98 27 Sexual
972 512 171 25 harassment
1158 518 75 18 cases
1247 517 46 19 are
1307 508 114 27 decided

824 557 63 18 now
905 549 27 25 in
949 556 36 18 an
1003 548 38 26 ad
1056 547 55 27 hoc
1128 554 114 20 manner
1260 547 36 31 by
1313 546 94 32 depart-

824 591 74 22 ment
932 585 95 31 heads,
1060 585 104 32 college
1195 584 86 26 deans
1313 591 32 18 or
1377 583 46 26 the

824 624 141 27 academic
975 623 57 26 vice
1043 622 149 32 president,
1203 622 34 25 he
1248 621 69 26 said.

860 677 65 26 This
945 677 21 26 is
986 685 16 18 a
1022 677 127 26 sensitive
1169 685 73 22 area,
1266 678 48 25 Dr.
1339 678 84 31 Larry

824 715 117 30 Lorenz,
968 714 253 27 communications
1248 714 173 33 department

822 751 155 32 chairman,
996 751 69 28 said.
1087 751 26 27 If
1129 760 16 18 a
1163 752 110 26 student
1293 752 95 27 makes
1407 760 15 19 a

823 789 93 26 sexual
927 789 171 26 harassment
1111 789 164 32 complaint,
1288 790 33 25 he
1332 796 31 19 or
1375 790 48 26 she

823 831 72 20 must
919 826 33 26 be
974 826 104 26 treated
1099 826 95 32 justly.
1219 827 35 25 At
1279 826 46 26 the
1347 834 76 18 same

822 862 76 31 time,
913 870 62 19 care
988 868 72 21 must
1076 863 33 26 be
1122 864 82 25 taken
1219 863 144 32 regarding
1376 864 46 25 the

822 900 85 32 rights
923 900 34 26 of
971 900 46 26 the
1034 900 104 32 faculty
1155 900 123 27 member
1294 908 31 19 or
1342 900 79 27 other

822 944 100 24 person
933 937 170 32 implicated,
1115 937 33 26 he
1159 937 69 26 said.

919 973 91 32 policy
1022 974 93 26 would
1127 974 74 32 help,
1215 975 48 25 but
1276 982 66 18 even
1356 974 64 26 with

822 1018 16 19 a
857 1011 102 32 policy,
980 1011 19 26 it
1020 1011 52 26 will
1093 1016 48 21 not
1162 1011 81 26 make
1261 1011 160 32 judgments

822 1048 85 26 about
937 1048 129 26 evidence
1093 1048 56 26 and
1178 1048 161 32 culpability
1368 1055 53 25 any

954 1085 106 25 Ldrenz
1071 1084 68 27 said.

861 1139 28 25 In
912 1147 15 18 a
949 1147 61 18 case
1032 1139 34 26 of
1086 1140 93 26 sexual
1202 1140 183 31 harassment,
1408 1149 16 18 a

822 1176 110 31 general
947 1181 107 26 pattern
1070 1176 34 26 of
1116 1176 171 28 harassment
1303 1182 72 22 must
1391 1178 33 26 be

823 1213 115 31 proved.
964 1214 87 31 Every
1075 1214 132 26 situation
1233 1214 20 26 is
1277 1215 144 26 different.

933 1250 169 26 somewhere
1123 1251 82 25 down
1227 1252 46 25 the
1293 1251 54 27 line
1368 1259 54 24 you

822 1287 69 26 have
910 1292 28 21 to
957 1287 66 27 level
1043 1287 63 27 with
1126 1295 15 19 a
1160 1296 100 23 person
1281 1289 73 30 [who
1374 1289 48 25 has

1459 357 69 26 been
1549 357 158 32 implicated
1729 357 27 25 in
1778 357 66 26 such
1865 365 15 18 a

1461 395 106 26 Lorenz
1576 393 69 27 said.

1575 425 92 33 policy
1695 425 53 27 will
1778 431 48 22 not
1857 426 81 27 make
1967 427 92 26 sexual

1462 463 171 26 harassment
1651 471 54 24 any
1722 464 85 27 easier
1824 469 30 22 to
2010 465 48 26 Dr.

1462 500 119 26 William
1598 501 41 25 M.
1656 501 141 31 Hammel,
1814 502 137 31 president
1967 502 34 26 of
2015 503 45 25 the

1463 537 104 32 faculty
1578 542 103 27 senate,
1694 538 69 26 said.
1777 538 98 27 Sexual
1887 539 171 27 harassment

1461 574 83 27 could
1570 575 34 27 be
1628 575 157 33 effectively
1811 577 103 31 proved
1941 576 35 32 by
2002 576 43 26 wit-

1462 619 90 20 nesses
1564 619 31 19 or
1607 620 16 19 a
1635 618 65 26 tape
1711 613 155 33 recording,
1880 613 47 27 but
1941 621 15 19 a
1968 613 91 33 policy

1462 649 51 26 will
1524 654 49 21 not
1584 650 63 32 help
1657 657 134 19 someone
1800 650 63 32 gain
1873 651 139 26 evidence.

1498 687 75 25 Most
1608 686 156 32 professors
1800 687 80 26 favor
1915 696 16 17 a
1965 688 92 26 sexual

1462 723 170 27 harassment
1651 723 90 33 policy
1759 729 48 22 not
1825 724 65 32 only
1909 724 44 27 for
1970 724 88 27 moral

1462 768 122 23 reasons,
1611 761 48 26 but
1685 761 117 26 because
1827 762 19 25 it
1873 762 49 26 has
1948 762 68 26 been
2042 769 16 19 a

1462 798 124 31 problem
1606 798 26 25 in
1651 798 116 26 isolated
1784 806 76 19 cases
1878 798 26 26 in
1922 799 46 26 the
1985 804 71 26 past,

1462 834 128 27 Hammel
1635 834 70 27 said.
1750 835 58 27 The
1852 835 130 32 majority
2026 835 34 27 of

1461 872 156 31 professors
1651 872 101 26 handle
1786 873 162 26 themselves
1981 873 27 25 in
2042 880 15 19 a

1458 909 185 31 professional
1660 917 125 23 manner;
1802 910 45 25 the
1864 910 90 31 policy
1971 910 22 26 is
2010 910 44 26 for

2098 360 45 25 the
2169 360 130 31 minority
2325 360 62 25 who
2413 360 38 26 do
2476 366 61 25 not,
2564 361 129 27 Hammel

2097 395 69 27 said.

2132 433 57 26 The
2216 433 59 27 lack
2301 433 34 27 of
2359 441 16 19 a
2401 434 92 26 sexual
2521 434 170 27 harassment

2096 470 91 32 policy
2198 470 68 27 does
2278 476 48 21 not
2339 471 75 26 leave
2426 478 16 19 a
2454 471 105 33 faculty
2570 472 123 27 member

2095 515 54 24 any
2195 515 77 19 more
2318 507 158 27 vulnerable
2523 513 30 22 to
2598 510 93 26 sexual

2095 544 171 27 harassment
2278 545 113 31 charges
2403 545 65 26 than
2481 545 24 26 if
2514 554 17 18 a
2542 546 91 32 policy
2643 547 48 26 did

2095 581 77 31 exist,
2185 582 128 27 Hammel
2324 582 69 27 said.

2133 629 21 24 It
2165 628 78 31 does,
2255 629 136 31 however,
2403 630 74 26 leave
2487 631 46 25 the
2544 631 148 33 university

2095 672 73 25 open
2192 670 30 22 to
2244 666 120 27 lawsuits
2387 667 27 25 in
2437 668 165 26 connection
2626 669 65 26 with

2095 703 121 27 lawsuits
2249 704 119 32 brought
2402 704 105 32 against
2543 706 148 32 university

2094 740 166 31 employees.
2292 742 24 25 A
2346 742 110 26 student
2485 742 83 27 could
2597 751 49 18 sue
2675 751 16 18 a

2096 784 142 31 professor
2268 786 26 26 in
2323 786 62 26 civil
2414 792 78 21 court
2526 787 43 27 for
2599 788 92 26 sexual

2096 821 170 27 harassment
2278 823 54 25 and
2345 823 60 26 also
2416 831 48 19 sue
2475 825 45 25 the
2531 825 159 32 university.

2097 858 119 27 "That's
2239 860 60 32 why
2323 860 46 26 the
2393 860 148 33 university
2564 867 87 22 wants
2675 870 16 19 a

2232 897 128 27 Hammel
2371 897 69 27 said.

188 48 202 79 4

1315 97 64 29 Die
1389 98 199 28 MAROON

2317 94 206 35 February
2534 98 150 31 7,1986

181 1387 330 45 Endowment

1055 1388 163 27 Continued
1221 1388 80 32 from
1308 1394 75 26 page
1395 1388 12 25 I

2008 1024 112 132 A

1578 1167 694 138 Part-Time
2306 1163 264 139 Job

1558 1312 342 139 With
1947 1312 633 139 Full-Tlme

1740 1458 654 142 Rewards.

1691 1642 51 25 You
1752 1647 49 19 can
1812 1646 61 20 earn
1884 1647 98 23 money
1992 1641 52 25 and
2055 1641 70 25 learn
2137 1641 161 25 marketable
2307 1641 66 25 skills
2384 1640 41 26 for
2434 1646 65 23 vour

1622 1675 89 27 future
1719 1675 73 26 while
1801 1681 51 23 you
1862 1675 135 29 complete
2007 1675 61 29 high
2079 1675 93 26 school
2184 1681 29 20 or
2222 1675 102 30 college

1691 1709 52 27 The
1753 1709 44 27 US
1815 1710 80 26 Coast
1905 1710 85 26 Guard
2003 1710 111 26 Reserve
2124 1709 83 27 offers
2217 1715 52 23 you
2280 1712 111 27 training
2402 1710 52 25 and

1622 1745 155 29 experience
1787 1745 23 24 in
1821 1750 78 23 many
1908 1744 148 29 specialties
2069 1744 131 30 including

1710 1779 108 25 Modern
1829 1779 138 25 electronic
1978 1779 63 25 data
2051 1780 116 27 systems
2179 1779 156 25 (Radioman
2346 1779 140 28 specialty),

1708 1823 156 26 Waterfront
1873 1824 112 28 security
1995 1824 52 24 and
2057 1823 187 25 enforcement
2254 1824 29 25 of
2293 1825 59 27 port
2362 1823 52 25 and
2425 1824 97 25 harbor

1690 1857 86 29 safety
1786 1857 160 30 regulations
1958 1857 69 26 (Port
2036 1857 113 29 Security
2159 1858 140 28 specialty).

1709 1902 120 26 Machine
1838 1902 53 26 and
1901 1902 99 30 engine
2010 1907 82 24 repair
2102 1902 52 26 and
2165 1904 139 27 operation
2315 1902 158 28 (Machinery

1688 1937 148 25 Technician
1847 1936 141 30 specialty),

1708 1984 141 25 Personnel
1861 1985 193 28 management
2064 1984 52 25 and
2127 1984 70 25 word
2209 1990 155 23 processing
2375 1984 124 25 (Yeoman

1686 2018 133 30 specialty)

1689 2064 43 25 We
1742 2064 69 25 need
1822 2069 90 24 young
1923 2068 61 21 men
1996 2063 52 26 and
2058 2068 105 21 women
2176 2064 120 25 between
2306 2064 47 25 the
2363 2069 65 24 ages
2439 2063 30 26 of
2480 2064 33 24 17

1621 2098 52 25 and
1685 2098 34 26 28
1730 2100 28 23 to
1769 2098 60 30 help
1840 2104 30 20 us
1881 2103 64 20 save
1956 2098 66 27 lives,
2034 2097 109 25 enforce
2154 2098 65 30 drug
2230 2099 52 25 and
2294 2100 127 23 maritime
2432 2099 66 27 laws,

1620 2133 68 29 fight
1698 2133 126 29 pollution
1835 2133 53 25 and
1900 2139 73 19 more
1990 2132 71 25 After
2072 2133 70 25 basic
2153 2134 116 28 training,
2281 2139 50 23 you
2342 2133 67 25 work
2420 2133 60 28 only

1620 2172 54 21 one
1683 2167 126 26 weekend
1820 2173 14 20 a
1846 2167 94 26 month
1951 2167 41 26 for
2000 2172 66 23 your
2075 2167 130 28 paycheck

1691 2203 108 25 Besides
1810 2202 102 30 serving
1923 2207 65 23 your
1998 2202 63 25 local
2072 2205 166 26 community,
2250 2203 73 28 you'll
2336 2203 33 24 be
2379 2202 102 30 eligible
2491 2202 41 26 for

1619 2238 94 25 tuition
1724 2238 149 24 assistance
1884 2237 84 26 under
1977 2237 46 24 the
2034 2242 58 19 new
2103 2237 111 24 Reserve
2224 2237 32 28 CI
2277 2237 38 25 Bill
2327 2237 53 25 and
2390 2237 74 28 you'll

1620 2277 62 20 earn
1694 2271 151 26 retirement
1855 2271 114 26 benefits

1691 2306 56 26 Find
1757 2309 48 23 out
1815 2312 72 20 more
1897 2306 82 26 about
1989 2306 45 25 the
2044 2309 128 26 part-time
2180 2306 43 28 job
2234 2308 54 23 with
2298 2306 116 26 full-time
2424 2306 107 26 rewards

1620 2341 48 25 Call
1680 2342 152 25 Lieutenant
1842 2341 180 25 Commander
2033 2341 67 28 Larry
2111 2340 78 25 Mizell
2200 2340 112 26 toll-free
2321 2343 27 22 at

2121 2385 410 48 800-424-8883

2167 2443 15 13 in
2188 2442 110 17 Washinqton
2311 2442 12 15 P
2331 2441 8 15 f
2358 2442 70 16 call.'??
2440 2442 42 17 1881

1544 3380 210 100 U.S.
1779 3380 370 101 COAST
2177 3381 397 102 GUARD

1808 3488 698 131 RESERVE//^

1839 3605 40 25 An
1888 3605 105 26 Armed
2002 3605 108 26 Service
2188 3606 79 26 More
2298 3588 162 57 /^/jm
