<?xml version="1.0" encoding="UTF-8"?>
<alto xmlns:xsi="http://www.w3.org/2001/XMLSchema-instance" xsi:noNamespaceSchemaLocation="http://schema.ccs-gmbh.com/metae/alto-1-2.xsd" xmlns:xlink="http://www.w3.org/TR/xlink">
	<Description>
		<MeasurementUnit>mm10</MeasurementUnit>
		<sourceImageInformation>
			<fileName>//docstorage2/impdata3/IN/Loyola_10-018/Maroon_1985_1988/0144.tif</fileName>
		</sourceImageInformation>
		<OCRProcessing ID="OCRPROCESSING_1">
			<preProcessingStep>
				<processingSoftware>
					<softwareCreator>CCS Content Conversion Specialists GmbH, Germany</softwareCreator>
					<softwareName>CCS docWORKS</softwareName>
					<softwareVersion>6.5-1.31</softwareVersion>
				</processingSoftware>
			</preProcessingStep>
			<ocrProcessingStep>
				<processingSoftware>
					<softwareCreator>ABBYY (BIT Software), Russia</softwareCreator>
					<softwareName>FineReader</softwareName>
					<softwareVersion>7.1</softwareVersion>
				</processingSoftware>
			</ocrProcessingStep>
		</OCRProcessing>
		<OCRProcessing ID="OCRPROCESSING_2">
			<preProcessingStep>
				<processingSoftware>
					<softwareCreator>CCS Content Conversion Specialists GmbH, Germany</softwareCreator>
					<softwareName>CCS docWORKS</softwareName>
					<softwareVersion>6.5-1.31</softwareVersion>
				</processingSoftware>
			</preProcessingStep>
			<ocrProcessingStep>
				<processingSoftware>
					<softwareCreator>ABBYY (BIT Software), Russia</softwareCreator>
					<softwareName>FineReader</softwareName>
					<softwareVersion>10.0</softwareVersion>
				</processingSoftware>
			</ocrProcessingStep>
		</OCRProcessing>
	</Description>
	<Styles>
		<TextStyle ID="TXT_0" FONTSIZE="49" FONTFAMILY="Arial" FONTSTYLE="bold"/>
		<TextStyle ID="TXT_1" FONTSIZE="19" FONTFAMILY="Arial" FONTSTYLE="bold"/>
		<TextStyle ID="TXT_2" FONTSIZE="13" FONTFAMILY="Times New Roman"/>
		<TextStyle ID="TXT_3" FONTSIZE="13" FONTFAMILY="Times New Roman" FONTSTYLE="bold"/>
		<TextStyle ID="TXT_4" FONTSIZE="13" FONTFAMILY="Times New Roman" FONTSTYLE="italics"/>
		<TextStyle ID="TXT_5" FONTSIZE="110" FONTFAMILY="Times New Roman"/>
		<TextStyle ID="TXT_6" FONTSIZE="12" FONTFAMILY="Times New Roman" FONTSTYLE="bold"/>
		<TextStyle ID="TXT_7" FONTSIZE="10" FONTFAMILY="Arial" FONTSTYLE="bold"/>
		<TextStyle ID="TXT_8" FONTSIZE="22" FONTFAMILY="Arial"/>
		<TextStyle ID="TXT_9" FONTSIZE="36" FONTFAMILY="Arial" FONTSTYLE="bold"/>
		<TextStyle ID="TXT_10" FONTSIZE="36" FONTFAMILY="Arial" FONTSTYLE="bold underline"/>
		<TextStyle ID="TXT_11" FONTSIZE="61" FONTFAMILY="Arial" FONTSTYLE="bold"/>
		<TextStyle ID="TXT_12" FONTSIZE="7" FONTFAMILY="Arial"/>
		<TextStyle ID="TXT_13" FONTSIZE="33" FONTFAMILY="Times New Roman" FONTSTYLE="bold"/>
		<TextStyle ID="TXT_14" FONTSIZE="16" FONTFAMILY="Arial"/>
		<TextStyle ID="TXT_15" FONTSIZE="29" FONTFAMILY="Times New Roman" FONTSTYLE="bold"/>
		<TextStyle ID="TXT_16" FONTSIZE="20" FONTFAMILY="Arial" FONTSTYLE="bold"/>
		<TextStyle ID="TXT_17" FONTSIZE="13" FONTFAMILY="Arial"/>
		<TextStyle ID="TXT_18" FONTSIZE="13" FONTFAMILY="Arial" FONTSTYLE="italics"/>
		<TextStyle ID="TXT_19" FONTSIZE="12" FONTFAMILY="Arial"/>
		<TextStyle ID="TXT_20" FONTSIZE="8" FONTFAMILY="Arial" FONTSTYLE="bold"/>
		<TextStyle ID="TXT_21" FONTSIZE="8" FONTFAMILY="Arial"/>
		<TextStyle ID="TXT_22" FONTSIZE="8" FONTFAMILY="Arial" FONTSTYLE="bold italics"/>
		<TextStyle ID="TXT_23" FONTSIZE="9" FONTFAMILY="Arial"/>
		<TextStyle ID="TXT_24" FONTSIZE="8" FONTFAMILY="Arial" FONTSTYLE="italics"/>
		<TextStyle ID="TXT_25" FONTSIZE="7" FONTFAMILY="Arial" FONTSTYLE="italics underline"/>
		<TextStyle ID="TXT_26" FONTSIZE="7" FONTFAMILY="Arial" FONTSTYLE="underline"/>
		<TextStyle ID="TXT_27" FONTSIZE="7" FONTFAMILY="Arial" FONTSTYLE="bold"/>
		<TextStyle ID="TXT_28" FONTSIZE="6" FONTFAMILY="Arial" FONTSTYLE="bold"/>
		<TextStyle ID="TXT_29" FONTSIZE="6" FONTFAMILY="Arial" FONTSTYLE="bold italics"/>
		<ParagraphStyle ID="PAR_LEFT" ALIGN="Left"/>
		<ParagraphStyle ID="PAR_BLOCK" ALIGN="Block"/>
		<ParagraphStyle ID="PAR_CENTER" ALIGN="Center"/>
		<ParagraphStyle ID="PAR_RIGHT" ALIGN="Right"/>
	</Styles>
	<Layout>
		<Page ID="P2" PHYSICAL_IMG_NR="2" HEIGHT="3741" WIDTH="2871" PRINTED_IMG_NR="2" PC="0.964">
			<TopMargin ID="P2_TM00001" HPOS="0" VPOS="0" WIDTH="2871" HEIGHT="62"/>
			<LeftMargin ID="P2_LM00001" HPOS="0" VPOS="62" WIDTH="225" HEIGHT="3563"/>
			<RightMargin ID="P2_RM00001" HPOS="2735" VPOS="62" WIDTH="136" HEIGHT="3563"/>
			<BottomMargin ID="P2_BM00001" HPOS="0" VPOS="3625" WIDTH="2871" HEIGHT="116"/>
			<PrintSpace ID="P2_PS00001" HPOS="225" VPOS="62" WIDTH="2510" HEIGHT="3563">
				<TextBlock ID="P2_TB00001" HPOS="284" VPOS="150" WIDTH="724" HEIGHT="137" STYLEREFS="TXT_0 PAR_LEFT">
					<TextLine ID="P2_TL00001" HPOS="286" VPOS="159" WIDTH="722" HEIGHT="127">
						<String ID="P2_ST00001" HPOS="286" VPOS="159" WIDTH="333" HEIGHT="127" CONTENT="News" WC="1.00" CC="0001"/>
						<SP ID="P2_SP00001" HPOS="619" VPOS="286" WIDTH="51"/>
						<String ID="P2_ST00002" HPOS="670" VPOS="161" WIDTH="338" HEIGHT="122" CONTENT="Notes" WC="1.00" CC="00000"/>
					</TextLine>
				</TextBlock>
				<TextBlock ID="P2_TB00002" HPOS="262" VPOS="387" WIDTH="1044" HEIGHT="64" STYLEREFS="TXT_1 PAR_LEFT">
					<TextLine ID="P2_TL00002" HPOS="263" VPOS="387" WIDTH="1043" HEIGHT="64">
						<String ID="P2_ST00003" HPOS="263" VPOS="387" WIDTH="174" HEIGHT="62" CONTENT="Study" WC="1.00" CC="00000"/>
						<SP ID="P2_SP00002" HPOS="437" VPOS="449" WIDTH="16"/>
						<String ID="P2_ST00004" HPOS="453" VPOS="389" WIDTH="293" HEIGHT="50" CONTENT="examines" WC="1.00" CC="00000000"/>
						<SP ID="P2_SP00003" HPOS="746" VPOS="449" WIDTH="20"/>
						<String ID="P2_ST00005" HPOS="766" VPOS="389" WIDTH="143" HEIGHT="51" CONTENT="male" WC="1.00" CC="0000"/>
						<SP ID="P2_SP00004" HPOS="909" VPOS="449" WIDTH="20"/>
						<String ID="P2_ST00006" HPOS="929" VPOS="390" WIDTH="152" HEIGHT="61" CONTENT="point" WC="1.00" CC="00001"/>
						<SP ID="P2_SP00005" HPOS="1081" VPOS="451" WIDTH="18"/>
						<String ID="P2_ST00007" HPOS="1099" VPOS="391" WIDTH="56" HEIGHT="49" CONTENT="of" WC="1.00" CC="00"/>
						<SP ID="P2_SP00006" HPOS="1155" VPOS="451" WIDTH="18"/>
						<String ID="P2_ST00008" HPOS="1173" VPOS="391" WIDTH="133" HEIGHT="49" CONTENT="view" WC="1.00" CC="0000"/>
					</TextLine>
				</TextBlock>
				<TextBlock ID="P2_TB00003" HPOS="262" VPOS="484" WIDTH="1165" HEIGHT="308" STYLEREFS="TXT_2 PAR_BLOCK">
					<TextLine ID="P2_TL00003" HPOS="309" VPOS="484" WIDTH="1116" HEIGHT="46">
						<String ID="P2_ST00009" HPOS="309" VPOS="484" WIDTH="313" HEIGHT="39" CONTENT="MANHATTAN," WC="1.00" CC="0000000002"/>
						<SP ID="P2_SP00007" HPOS="622" VPOS="523" WIDTH="16"/>
						<String ID="P2_ST00010" HPOS="638" VPOS="488" WIDTH="85" HEIGHT="30" CONTENT="Kan." WC="1.00" CC="1000"/>
						<SP ID="P2_SP00008" HPOS="723" VPOS="523" WIDTH="17"/>
						<String ID="P2_ST00011" HPOS="740" VPOS="488" WIDTH="109" HEIGHT="37" CONTENT="(CPS)" WC="1.00" CC="00000"/>
						<SP ID="P2_SP00009" HPOS="849" VPOS="525" WIDTH="13"/>
						<String ID="P2_ST00012" HPOS="862" VPOS="506" WIDTH="40" HEIGHT="4" CONTENT="—" WC="1.00" CC="0"/>
						<SP ID="P2_SP00010" HPOS="902" VPOS="525" WIDTH="13"/>
						<String ID="P2_ST00013" HPOS="915" VPOS="490" WIDTH="30" HEIGHT="30" CONTENT="A" WC="1.00" CC="0"/>
						<SP ID="P2_SP00011" HPOS="945" VPOS="525" WIDTH="14"/>
						<String ID="P2_ST00014" HPOS="959" VPOS="489" WIDTH="96" HEIGHT="38" CONTENT="study" WC="1.00" CC="00000"/>
						<SP ID="P2_SP00012" HPOS="1055" VPOS="527" WIDTH="14"/>
						<String ID="P2_ST00015" HPOS="1069" VPOS="489" WIDTH="41" HEIGHT="38" CONTENT="by" WC="1.00" CC="00"/>
						<SP ID="P2_SP00013" HPOS="1110" VPOS="527" WIDTH="14"/>
						<String ID="P2_ST00016" HPOS="1124" VPOS="499" WIDTH="18" HEIGHT="22" CONTENT="a" WC="1.00" CC="0"/>
						<SP ID="P2_SP00014" HPOS="1142" VPOS="527" WIDTH="14"/>
						<String ID="P2_ST00017" HPOS="1156" VPOS="491" WIDTH="225" HEIGHT="39" CONTENT="psychologist" WC="1.00" CC="000100100000"/>
						<SP ID="P2_SP00015" HPOS="1381" VPOS="530" WIDTH="14"/>
						<String ID="P2_ST00018" HPOS="1395" VPOS="498" WIDTH="30" HEIGHT="25" CONTENT="at" WC="1.00" CC="00"/>
					</TextLine>
					<TextLine ID="P2_TL00004" HPOS="265" VPOS="530" WIDTH="1162" HEIGHT="45">
						<String ID="P2_ST00019" HPOS="265" VPOS="530" WIDTH="128" HEIGHT="31" CONTENT="Kansas" WC="1.00" CC="100000"/>
						<SP ID="P2_SP00016" HPOS="393" VPOS="561" WIDTH="15"/>
						<String ID="P2_ST00020" HPOS="408" VPOS="531" WIDTH="91" HEIGHT="31" CONTENT="State" WC="1.00" CC="00010"/>
						<SP ID="P2_SP00017" HPOS="499" VPOS="562" WIDTH="15"/>
						<String ID="P2_ST00021" HPOS="514" VPOS="532" WIDTH="188" HEIGHT="39" CONTENT="University" WC="1.00" CC="1000000010"/>
						<SP ID="P2_SP00018" HPOS="702" VPOS="571" WIDTH="16"/>
						<String ID="P2_ST00022" HPOS="718" VPOS="533" WIDTH="106" HEIGHT="32" CONTENT="found" WC="1.00" CC="00000"/>
						<SP ID="P2_SP00019" HPOS="824" VPOS="571" WIDTH="15"/>
						<String ID="P2_ST00023" HPOS="839" VPOS="534" WIDTH="68" HEIGHT="31" CONTENT="that" WC="1.00" CC="0000"/>
						<SP ID="P2_SP00020" HPOS="907" VPOS="571" WIDTH="16"/>
						<String ID="P2_ST00024" HPOS="923" VPOS="543" WIDTH="75" HEIGHT="23" CONTENT="men" WC="1.00" CC="100"/>
						<SP ID="P2_SP00021" HPOS="998" VPOS="571" WIDTH="14"/>
						<String ID="P2_ST00025" HPOS="1012" VPOS="544" WIDTH="54" HEIGHT="22" CONTENT="are" WC="1.00" CC="000"/>
						<SP ID="P2_SP00022" HPOS="1066" VPOS="571" WIDTH="15"/>
						<String ID="P2_ST00026" HPOS="1081" VPOS="544" WIDTH="92" HEIGHT="23" CONTENT="more" WC="1.00" CC="1000"/>
						<SP ID="P2_SP00023" HPOS="1173" VPOS="571" WIDTH="14"/>
						<String ID="P2_ST00027" HPOS="1187" VPOS="536" WIDTH="97" HEIGHT="39" CONTENT="likely" WC="1.00" CC="000000"/>
						<SP ID="P2_SP00024" HPOS="1284" VPOS="575" WIDTH="14"/>
						<String ID="P2_ST00028" HPOS="1298" VPOS="543" WIDTH="35" HEIGHT="25" CONTENT="to" WC="1.00" CC="00"/>
						<SP ID="P2_SP00025" HPOS="1333" VPOS="575" WIDTH="14"/>
						<String ID="P2_ST00029" HPOS="1347" VPOS="538" WIDTH="80" HEIGHT="31" CONTENT="view" WC="1.00" CC="0001"/>
					</TextLine>
					<TextLine ID="P2_TL00005" HPOS="265" VPOS="574" WIDTH="1162" HEIGHT="44">
						<String ID="P2_ST00030" HPOS="265" VPOS="574" WIDTH="216" HEIGHT="34" CONTENT="interactions" WC="1.00" CC="000000100000"/>
						<SP ID="P2_SP00026" HPOS="481" VPOS="608" WIDTH="26"/>
						<String ID="P2_ST00031" HPOS="507" VPOS="576" WIDTH="32" HEIGHT="32" CONTENT="in" WC="1.00" CC="00"/>
						<SP ID="P2_SP00027" HPOS="539" VPOS="608" WIDTH="26"/>
						<String ID="P2_ST00032" HPOS="565" VPOS="577" WIDTH="113" HEIGHT="32" CONTENT="sexual" WC="1.00" CC="100000"/>
						<SP ID="P2_SP00028" HPOS="678" VPOS="609" WIDTH="27"/>
						<String ID="P2_ST00033" HPOS="705" VPOS="584" WIDTH="111" HEIGHT="26" CONTENT="terms." WC="1.00" CC="000100"/>
						<SP ID="P2_SP00029" HPOS="816" VPOS="610" WIDTH="29"/>
						<String ID="P2_ST00034" HPOS="845" VPOS="580" WIDTH="58" HEIGHT="31" CONTENT="Dr." WC="1.00" CC="000"/>
						<SP ID="P2_SP00030" HPOS="903" VPOS="611" WIDTH="30"/>
						<String ID="P2_ST00035" HPOS="933" VPOS="581" WIDTH="106" HEIGHT="30" CONTENT="Frank" WC="1.00" CC="00000"/>
						<SP ID="P2_SP00031" HPOS="1039" VPOS="611" WIDTH="28"/>
						<String ID="P2_ST00036" HPOS="1067" VPOS="581" WIDTH="88" HEIGHT="37" CONTENT="Saal," WC="0.98" CC="00001"/>
						<SP ID="P2_SP00032" HPOS="1155" VPOS="618" WIDTH="29"/>
						<String ID="P2_ST00037" HPOS="1184" VPOS="582" WIDTH="127" HEIGHT="32" CONTENT="Kansas" WC="1.00" CC="000100"/>
						<SP ID="P2_SP00033" HPOS="1311" VPOS="618" WIDTH="26"/>
						<String ID="P2_ST00038" HPOS="1337" VPOS="583" WIDTH="90" HEIGHT="32" CONTENT="State" WC="1.00" CC="00001"/>
					</TextLine>
					<TextLine ID="P2_TL00006" HPOS="265" VPOS="621" WIDTH="1162" HEIGHT="45">
						<String ID="P2_ST00039" HPOS="265" VPOS="621" WIDTH="240" HEIGHT="39" CONTENT="psychologist," WC="1.00" CC="0000000000001"/>
						<SP ID="P2_SP00034" HPOS="505" VPOS="660" WIDTH="18"/>
						<String ID="P2_ST00040" HPOS="523" VPOS="622" WIDTH="70" HEIGHT="32" CONTENT="said" WC="1.00" CC="0000"/>
						<SP ID="P2_SP00035" HPOS="593" VPOS="660" WIDTH="17"/>
						<String ID="P2_ST00041" HPOS="610" VPOS="623" WIDTH="141" HEIGHT="33" CONTENT="because" WC="1.00" CC="0000000"/>
						<SP ID="P2_SP00036" HPOS="751" VPOS="660" WIDTH="16"/>
						<String ID="P2_ST00042" HPOS="767" VPOS="634" WIDTH="74" HEIGHT="22" CONTENT="men" WC="1.00" CC="100"/>
						<SP ID="P2_SP00037" HPOS="841" VPOS="660" WIDTH="16"/>
						<String ID="P2_ST00043" HPOS="857" VPOS="625" WIDTH="45" HEIGHT="31" CONTENT="do" WC="1.00" CC="00"/>
						<SP ID="P2_SP00038" HPOS="902" VPOS="660" WIDTH="16"/>
						<String ID="P2_ST00044" HPOS="918" VPOS="626" WIDTH="76" HEIGHT="37" CONTENT="this," WC="1.00" CC="00010"/>
						<SP ID="P2_SP00039" HPOS="994" VPOS="663" WIDTH="18"/>
						<String ID="P2_ST00045" HPOS="1012" VPOS="626" WIDTH="76" HEIGHT="39" CONTENT="they" WC="1.00" CC="0000"/>
						<SP ID="P2_SP00040" HPOS="1088" VPOS="665" WIDTH="16"/>
						<String ID="P2_ST00046" HPOS="1104" VPOS="627" WIDTH="94" HEIGHT="32" CONTENT="often" WC="1.00" CC="00000"/>
						<SP ID="P2_SP00041" HPOS="1198" VPOS="665" WIDTH="17"/>
						<String ID="P2_ST00047" HPOS="1215" VPOS="628" WIDTH="212" HEIGHT="38" CONTENT="misperceive" WC="1.00" CC="00000000000"/>
					</TextLine>
					<TextLine ID="P2_TL00007" HPOS="264" VPOS="667" WIDTH="1161" HEIGHT="42">
						<String ID="P2_ST00048" HPOS="264" VPOS="667" WIDTH="162" HEIGHT="31" CONTENT="women's" WC="1.00" CC="0000010"/>
						<SP ID="P2_SP00042" HPOS="426" VPOS="698" WIDTH="14"/>
						<String ID="P2_ST00049" HPOS="440" VPOS="668" WIDTH="141" HEIGHT="37" CONTENT="actions," WC="1.00" CC="00000001"/>
						<SP ID="P2_SP00043" HPOS="581" VPOS="705" WIDTH="16"/>
						<String ID="P2_ST00050" HPOS="597" VPOS="669" WIDTH="106" HEIGHT="32" CONTENT="which" WC="1.00" CC="00010"/>
						<SP ID="P2_SP00044" HPOS="703" VPOS="705" WIDTH="14"/>
						<String ID="P2_ST00051" HPOS="717" VPOS="670" WIDTH="102" HEIGHT="39" CONTENT="might" WC="1.00" CC="00000"/>
						<SP ID="P2_SP00045" HPOS="819" VPOS="709" WIDTH="15"/>
						<String ID="P2_ST00052" HPOS="834" VPOS="677" WIDTH="133" HEIGHT="32" CONTENT="prompt" WC="1.00" CC="000000"/>
						<SP ID="P2_SP00046" HPOS="967" VPOS="709" WIDTH="16"/>
						<String ID="P2_ST00053" HPOS="983" VPOS="672" WIDTH="89" HEIGHT="31" CONTENT="them" WC="1.00" CC="0000"/>
						<SP ID="P2_SP00047" HPOS="1072" VPOS="709" WIDTH="13"/>
						<String ID="P2_ST00054" HPOS="1085" VPOS="678" WIDTH="36" HEIGHT="25" CONTENT="to" WC="1.00" CC="00"/>
						<SP ID="P2_SP00048" HPOS="1121" VPOS="709" WIDTH="11"/>
						<String ID="P2_ST00055" HPOS="1132" VPOS="673" WIDTH="58" HEIGHT="31" CONTENT="ask" WC="1.00" CC="010"/>
						<SP ID="P2_SP00049" HPOS="1190" VPOS="709" WIDTH="14"/>
						<String ID="P2_ST00056" HPOS="1204" VPOS="683" WIDTH="19" HEIGHT="21" CONTENT="a" WC="1.00" CC="0"/>
						<SP ID="P2_SP00050" HPOS="1223" VPOS="709" WIDTH="13"/>
						<String ID="P2_ST00057" HPOS="1236" VPOS="683" WIDTH="132" HEIGHT="23" CONTENT="woman" WC="1.00" CC="00000"/>
						<SP ID="P2_SP00051" HPOS="1368" VPOS="709" WIDTH="13"/>
						<String ID="P2_ST00058" HPOS="1381" VPOS="684" WIDTH="44" HEIGHT="22" CONTENT="on" WC="1.00" CC="00"/>
					</TextLine>
					<TextLine ID="P2_TL00008" HPOS="263" VPOS="713" WIDTH="1164" HEIGHT="41">
						<String ID="P2_ST00059" HPOS="263" VPOS="722" WIDTH="19" HEIGHT="21" CONTENT="a" WC="1.00" CC="0"/>
						<SP ID="P2_SP00052" HPOS="282" VPOS="743" WIDTH="16"/>
						<String ID="P2_ST00060" HPOS="298" VPOS="713" WIDTH="89" HEIGHT="37" CONTENT="date," WC="1.00" CC="00001"/>
						<SP ID="P2_SP00053" HPOS="387" VPOS="750" WIDTH="18"/>
						<String ID="P2_ST00061" HPOS="405" VPOS="714" WIDTH="98" HEIGHT="31" CONTENT="make" WC="1.00" CC="1000"/>
						<SP ID="P2_SP00054" HPOS="503" VPOS="750" WIDTH="16"/>
						<String ID="P2_ST00062" HPOS="519" VPOS="724" WIDTH="41" HEIGHT="21" CONTENT="an" WC="1.00" CC="00"/>
						<SP ID="P2_SP00055" HPOS="560" VPOS="750" WIDTH="18"/>
						<String ID="P2_ST00063" HPOS="578" VPOS="714" WIDTH="165" HEIGHT="33" CONTENT="off-color" WC="1.00" CC="000100000"/>
						<SP ID="P2_SP00056" HPOS="743" VPOS="750" WIDTH="14"/>
						<String ID="P2_ST00064" HPOS="757" VPOS="716" WIDTH="93" HEIGHT="38" CONTENT="joke," WC="1.00" CC="10000"/>
						<SP ID="P2_SP00057" HPOS="850" VPOS="754" WIDTH="17"/>
						<String ID="P2_ST00065" HPOS="867" VPOS="725" WIDTH="39" HEIGHT="23" CONTENT="or" WC="1.00" CC="00"/>
						<SP ID="P2_SP00058" HPOS="906" VPOS="754" WIDTH="15"/>
						<String ID="P2_ST00066" HPOS="921" VPOS="718" WIDTH="137" HEIGHT="31" CONTENT="commit" WC="1.00" CC="000101"/>
						<SP ID="P2_SP00059" HPOS="1058" VPOS="754" WIDTH="18"/>
						<String ID="P2_ST00067" HPOS="1076" VPOS="728" WIDTH="93" HEIGHT="22" CONTENT="some" WC="1.00" CC="0000"/>
						<SP ID="P2_SP00060" HPOS="1169" VPOS="754" WIDTH="16"/>
						<String ID="P2_ST00068" HPOS="1185" VPOS="720" WIDTH="80" HEIGHT="31" CONTENT="mild" WC="1.00" CC="0010"/>
						<SP ID="P2_SP00061" HPOS="1265" VPOS="754" WIDTH="19"/>
						<String ID="P2_ST00069" HPOS="1284" VPOS="720" WIDTH="87" HEIGHT="32" CONTENT="form" WC="1.00" CC="0001"/>
						<SP ID="P2_SP00062" HPOS="1371" VPOS="754" WIDTH="17"/>
						<String ID="P2_ST00070" HPOS="1388" VPOS="721" WIDTH="39" HEIGHT="31" CONTENT="of" WC="1.00" CC="00"/>
					</TextLine>
					<TextLine ID="P2_TL00009" HPOS="264" VPOS="759" WIDTH="344" HEIGHT="33">
						<String ID="P2_ST00071" HPOS="264" VPOS="759" WIDTH="111" HEIGHT="32" CONTENT="sexual" WC="1.00" CC="010001"/>
						<SP ID="P2_SP00063" HPOS="375" VPOS="791" WIDTH="13"/>
						<String ID="P2_ST00072" HPOS="388" VPOS="759" WIDTH="220" HEIGHT="33" CONTENT="harassment." WC="1.00" CC="00000000000"/>
					</TextLine>
				</TextBlock>
				<TextBlock ID="P2_TB00004" HPOS="263" VPOS="851" WIDTH="826" HEIGHT="63" STYLEREFS="TXT_1 PAR_LEFT">
					<TextLine ID="P2_TL00010" HPOS="264" VPOS="851" WIDTH="825" HEIGHT="63">
						<String ID="P2_ST00073" HPOS="264" VPOS="851" WIDTH="253" HEIGHT="62" CONTENT="Carrying" WC="1.00" CC="00000000"/>
						<SP ID="P2_SP00064" HPOS="517" VPOS="913" WIDTH="21"/>
						<String ID="P2_ST00074" HPOS="538" VPOS="864" WIDTH="31" HEIGHT="38" CONTENT="a" WC="1.00" CC="0"/>
						<SP ID="P2_SP00065" HPOS="569" VPOS="913" WIDTH="22"/>
						<String ID="P2_ST00075" HPOS="591" VPOS="863" WIDTH="270" HEIGHT="51" CONTENT="message" WC="1.00" CC="0000000"/>
						<SP ID="P2_SP00066" HPOS="861" VPOS="914" WIDTH="18"/>
						<String ID="P2_ST00076" HPOS="879" VPOS="864" WIDTH="72" HEIGHT="38" CONTENT="on" WC="1.00" CC="00"/>
						<SP ID="P2_SP00067" HPOS="951" VPOS="914" WIDTH="21"/>
						<String ID="P2_ST00077" HPOS="972" VPOS="854" WIDTH="117" HEIGHT="49" CONTENT="foot" WC="1.00" CC="0001"/>
					</TextLine>
				</TextBlock>
				<TextBlock ID="P2_TB00005" HPOS="259" VPOS="945" WIDTH="1159" HEIGHT="312" STYLEREFS="TXT_2 PAR_BLOCK">
					<TextLine ID="P2_TL00011" HPOS="306" VPOS="945" WIDTH="1108" HEIGHT="41">
						<String ID="P2_ST00078" HPOS="306" VPOS="945" WIDTH="75" HEIGHT="30" CONTENT="Five" WC="1.00" CC="1000"/>
						<SP ID="P2_SP00068" HPOS="381" VPOS="975" WIDTH="22"/>
						<String ID="P2_ST00079" HPOS="403" VPOS="945" WIDTH="169" HEIGHT="31" CONTENT="thousand" WC="1.00" CC="00000000"/>
						<SP ID="P2_SP00069" HPOS="572" VPOS="976" WIDTH="25"/>
						<String ID="P2_ST00080" HPOS="597" VPOS="946" WIDTH="118" HEIGHT="38" CONTENT="people" WC="1.00" CC="000000"/>
						<SP ID="P2_SP00070" HPOS="715" VPOS="984" WIDTH="23"/>
						<String ID="P2_ST00081" HPOS="738" VPOS="946" WIDTH="63" HEIGHT="31" CONTENT="will" WC="1.00" CC="1011"/>
						<SP ID="P2_SP00071" HPOS="801" VPOS="984" WIDTH="24"/>
						<String ID="P2_ST00082" HPOS="825" VPOS="946" WIDTH="90" HEIGHT="32" CONTENT="leave" WC="1.00" CC="00000"/>
						<SP ID="P2_SP00072" HPOS="915" VPOS="984" WIDTH="24"/>
						<String ID="P2_ST00083" HPOS="939" VPOS="948" WIDTH="64" HEIGHT="31" CONTENT="Los" WC="1.00" CC="000"/>
						<SP ID="P2_SP00073" HPOS="1003" VPOS="984" WIDTH="24"/>
						<String ID="P2_ST00084" HPOS="1027" VPOS="948" WIDTH="142" HEIGHT="38" CONTENT="Angeles" WC="1.00" CC="0000100"/>
						<SP ID="P2_SP00074" HPOS="1169" VPOS="986" WIDTH="23"/>
						<String ID="P2_ST00085" HPOS="1192" VPOS="957" WIDTH="44" HEIGHT="22" CONTENT="on" WC="1.00" CC="00"/>
						<SP ID="P2_SP00075" HPOS="1236" VPOS="986" WIDTH="24"/>
						<String ID="P2_ST00086" HPOS="1260" VPOS="950" WIDTH="117" HEIGHT="30" CONTENT="March" WC="1.00" CC="10000"/>
						<SP ID="P2_SP00076" HPOS="1377" VPOS="986" WIDTH="29"/>
						<String ID="P2_ST00087" HPOS="1406" VPOS="951" WIDTH="8" HEIGHT="30" CONTENT="1" WC="1.00" CC="0"/>
					</TextLine>
					<TextLine ID="P2_TL00012" HPOS="262" VPOS="989" WIDTH="1156" HEIGHT="44">
						<String ID="P2_ST00088" HPOS="262" VPOS="989" WIDTH="152" HEIGHT="40" CONTENT="bringing" WC="1.00" CC="00000000"/>
						<SP ID="P2_SP00077" HPOS="414" VPOS="1029" WIDTH="17"/>
						<String ID="P2_ST00089" HPOS="431" VPOS="999" WIDTH="20" HEIGHT="23" CONTENT="a" WC="1.00" CC="0"/>
						<SP ID="P2_SP00078" HPOS="451" VPOS="1029" WIDTH="19"/>
						<String ID="P2_ST00090" HPOS="470" VPOS="1000" WIDTH="148" HEIGHT="29" CONTENT="message" WC="1.00" CC="0100000"/>
						<SP ID="P2_SP00079" HPOS="618" VPOS="1029" WIDTH="17"/>
						<String ID="P2_ST00091" HPOS="635" VPOS="996" WIDTH="36" HEIGHT="27" CONTENT="to" WC="0.98" CC="10"/>
						<SP ID="P2_SP00080" HPOS="671" VPOS="1029" WIDTH="20"/>
						<String ID="P2_ST00092" HPOS="691" VPOS="991" WIDTH="231" HEIGHT="39" CONTENT="Washington," WC="1.00" CC="00000000001"/>
						<SP ID="P2_SP00081" HPOS="922" VPOS="1030" WIDTH="23"/>
						<String ID="P2_ST00093" HPOS="945" VPOS="994" WIDTH="86" HEIGHT="30" CONTENT="D.C." WC="1.00" CC="0000"/>
						<SP ID="P2_SP00082" HPOS="1031" VPOS="1030" WIDTH="22"/>
						<String ID="P2_ST00094" HPOS="1053" VPOS="1012" WIDTH="40" HEIGHT="3" CONTENT="—" WC="1.00" CC="0"/>
						<SP ID="P2_SP00083" HPOS="1093" VPOS="1030" WIDTH="18"/>
						<String ID="P2_ST00095" HPOS="1111" VPOS="994" WIDTH="132" HEIGHT="31" CONTENT="nuclear" WC="1.00" CC="0000000"/>
						<SP ID="P2_SP00084" HPOS="1243" VPOS="1030" WIDTH="19"/>
						<String ID="P2_ST00096" HPOS="1262" VPOS="1004" WIDTH="156" HEIGHT="29" CONTENT="weapons" WC="1.00" CC="0000000"/>
					</TextLine>
					<TextLine ID="P2_TL00013" HPOS="261" VPOS="1035" WIDTH="1157" HEIGHT="42">
						<String ID="P2_ST00097" HPOS="261" VPOS="1040" WIDTH="86" HEIGHT="27" CONTENT="must" WC="1.00" CC="0000"/>
						<SP ID="P2_SP00085" HPOS="347" VPOS="1067" WIDTH="18"/>
						<String ID="P2_ST00098" HPOS="365" VPOS="1035" WIDTH="41" HEIGHT="32" CONTENT="be" WC="1.00" CC="00"/>
						<SP ID="P2_SP00086" HPOS="406" VPOS="1067" WIDTH="17"/>
						<String ID="P2_ST00099" HPOS="423" VPOS="1036" WIDTH="174" HEIGHT="31" CONTENT="abolished" WC="1.00" CC="000000000"/>
						<SP ID="P2_SP00087" HPOS="597" VPOS="1067" WIDTH="17"/>
						<String ID="P2_ST00100" HPOS="614" VPOS="1038" WIDTH="218" HEIGHT="37" CONTENT="everywhere." WC="1.00" CC="00000000001"/>
						<SP ID="P2_SP00088" HPOS="832" VPOS="1075" WIDTH="19"/>
						<String ID="P2_ST00101" HPOS="851" VPOS="1038" WIDTH="69" HEIGHT="31" CONTENT="The" WC="1.00" CC="000"/>
						<SP ID="P2_SP00089" HPOS="920" VPOS="1075" WIDTH="16"/>
						<String ID="P2_ST00102" HPOS="936" VPOS="1039" WIDTH="64" HEIGHT="38" CONTENT="trip" WC="1.00" CC="1010"/>
						<SP ID="P2_SP00090" HPOS="1000" VPOS="1077" WIDTH="17"/>
						<String ID="P2_ST00103" HPOS="1017" VPOS="1039" WIDTH="63" HEIGHT="31" CONTENT="will" WC="1.00" CC="1000"/>
						<SP ID="P2_SP00091" HPOS="1080" VPOS="1077" WIDTH="19"/>
						<String ID="P2_ST00104" HPOS="1099" VPOS="1040" WIDTH="75" HEIGHT="31" CONTENT="take" WC="1.00" CC="0000"/>
						<SP ID="P2_SP00092" HPOS="1174" VPOS="1077" WIDTH="17"/>
						<String ID="P2_ST00105" HPOS="1191" VPOS="1040" WIDTH="76" HEIGHT="32" CONTENT="nine" WC="1.00" CC="0000"/>
						<SP ID="P2_SP00093" HPOS="1267" VPOS="1077" WIDTH="17"/>
						<String ID="P2_ST00106" HPOS="1284" VPOS="1041" WIDTH="134" HEIGHT="32" CONTENT="months" WC="1.00" CC="100000"/>
					</TextLine>
					<TextLine ID="P2_TL00014" HPOS="260" VPOS="1081" WIDTH="1157" HEIGHT="42">
						<String ID="P2_ST00107" HPOS="260" VPOS="1081" WIDTH="65" HEIGHT="31" CONTENT="and" WC="1.00" CC="000"/>
						<SP ID="P2_SP00094" HPOS="325" VPOS="1112" WIDTH="18"/>
						<String ID="P2_ST00108" HPOS="343" VPOS="1090" WIDTH="98" HEIGHT="23" CONTENT="cover" WC="1.00" CC="00000"/>
						<SP ID="P2_SP00095" HPOS="441" VPOS="1113" WIDTH="21"/>
						<String ID="P2_ST00109" HPOS="462" VPOS="1083" WIDTH="35" HEIGHT="30" CONTENT="15" WC="0.96" CC="01"/>
						<SP ID="P2_SP00096" HPOS="497" VPOS="1113" WIDTH="18"/>
						<String ID="P2_ST00110" HPOS="515" VPOS="1087" WIDTH="112" HEIGHT="27" CONTENT="states." WC="1.00" CC="1101001"/>
						<SP ID="P2_SP00097" HPOS="627" VPOS="1114" WIDTH="20"/>
						<String ID="P2_ST00111" HPOS="647" VPOS="1084" WIDTH="211" HEIGHT="31" CONTENT="PRO-Peace" WC="0.98" CC="000100010"/>
						<SP ID="P2_SP00098" HPOS="858" VPOS="1115" WIDTH="17"/>
						<String ID="P2_ST00112" HPOS="875" VPOS="1084" WIDTH="25" HEIGHT="31" CONTENT="is" WC="1.00" CC="00"/>
						<SP ID="P2_SP00099" HPOS="900" VPOS="1115" WIDTH="17"/>
						<String ID="P2_ST00113" HPOS="917" VPOS="1084" WIDTH="200" HEIGHT="39" CONTENT="sponsoring" WC="1.00" CC="0000000000"/>
						<SP ID="P2_SP00100" HPOS="1117" VPOS="1123" WIDTH="18"/>
						<String ID="P2_ST00114" HPOS="1135" VPOS="1085" WIDTH="54" HEIGHT="32" CONTENT="the" WC="1.00" CC="000"/>
						<SP ID="P2_SP00101" HPOS="1189" VPOS="1123" WIDTH="18"/>
						<String ID="P2_ST00115" HPOS="1207" VPOS="1086" WIDTH="126" HEIGHT="37" CONTENT="march," WC="1.00" CC="000001"/>
						<SP ID="P2_SP00102" HPOS="1333" VPOS="1123" WIDTH="19"/>
						<String ID="P2_ST00116" HPOS="1352" VPOS="1087" WIDTH="65" HEIGHT="31" CONTENT="and" WC="1.00" CC="000"/>
					</TextLine>
					<TextLine ID="P2_TL00015" HPOS="260" VPOS="1127" WIDTH="1158" HEIGHT="40">
						<String ID="P2_ST00117" HPOS="260" VPOS="1127" WIDTH="70" HEIGHT="31" CONTENT="also" WC="1.00" CC="0000"/>
						<SP ID="P2_SP00103" HPOS="330" VPOS="1158" WIDTH="13"/>
						<String ID="P2_ST00118" HPOS="343" VPOS="1136" WIDTH="160" HEIGHT="30" CONTENT="sponsors" WC="1.00" CC="00000000"/>
						<SP ID="P2_SP00104" HPOS="503" VPOS="1166" WIDTH="15"/>
						<String ID="P2_ST00119" HPOS="518" VPOS="1128" WIDTH="135" HEIGHT="39" CONTENT="College" WC="1.00" CC="0000000"/>
						<SP ID="P2_SP00105" HPOS="653" VPOS="1167" WIDTH="14"/>
						<String ID="P2_ST00120" HPOS="667" VPOS="1138" WIDTH="44" HEIGHT="22" CONTENT="on" WC="1.00" CC="00"/>
						<SP ID="P2_SP00106" HPOS="711" VPOS="1167" WIDTH="15"/>
						<String ID="P2_ST00121" HPOS="726" VPOS="1130" WIDTH="96" HEIGHT="36" CONTENT="Foot," WC="1.00" CC="00000"/>
						<SP ID="P2_SP00107" HPOS="822" VPOS="1167" WIDTH="15"/>
						<String ID="P2_ST00122" HPOS="837" VPOS="1129" WIDTH="106" HEIGHT="32" CONTENT="which" WC="1.00" CC="00000"/>
						<SP ID="P2_SP00108" HPOS="943" VPOS="1167" WIDTH="13"/>
						<String ID="P2_ST00123" HPOS="956" VPOS="1130" WIDTH="114" HEIGHT="32" CONTENT="allows" WC="1.00" CC="000010"/>
						<SP ID="P2_SP00109" HPOS="1070" VPOS="1167" WIDTH="14"/>
						<String ID="P2_ST00124" HPOS="1084" VPOS="1131" WIDTH="149" HEIGHT="32" CONTENT="students" WC="1.00" CC="10000000"/>
						<SP ID="P2_SP00110" HPOS="1233" VPOS="1167" WIDTH="14"/>
						<String ID="P2_ST00125" HPOS="1247" VPOS="1137" WIDTH="34" HEIGHT="26" CONTENT="to" WC="1.00" CC="00"/>
						<SP ID="P2_SP00111" HPOS="1281" VPOS="1167" WIDTH="14"/>
						<String ID="P2_ST00126" HPOS="1295" VPOS="1132" WIDTH="123" HEIGHT="32" CONTENT="receive" WC="1.00" CC="0000000"/>
					</TextLine>
					<TextLine ID="P2_TL00016" HPOS="259" VPOS="1173" WIDTH="1158" HEIGHT="42">
						<String ID="P2_ST00127" HPOS="259" VPOS="1173" WIDTH="167" HEIGHT="32" CONTENT="academic" WC="1.00" CC="00100100"/>
						<SP ID="P2_SP00112" HPOS="426" VPOS="1205" WIDTH="14"/>
						<String ID="P2_ST00128" HPOS="440" VPOS="1174" WIDTH="101" HEIGHT="31" CONTENT="credit" WC="1.00" CC="000010"/>
						<SP ID="P2_SP00113" HPOS="541" VPOS="1205" WIDTH="17"/>
						<String ID="P2_ST00129" HPOS="558" VPOS="1174" WIDTH="52" HEIGHT="31" CONTENT="for" WC="1.00" CC="100"/>
						<SP ID="P2_SP00114" HPOS="610" VPOS="1205" WIDTH="14"/>
						<String ID="P2_ST00130" HPOS="624" VPOS="1175" WIDTH="232" HEIGHT="39" CONTENT="participating" WC="1.00" CC="0000100000000"/>
						<SP ID="P2_SP00115" HPOS="856" VPOS="1214" WIDTH="14"/>
						<String ID="P2_ST00131" HPOS="870" VPOS="1176" WIDTH="31" HEIGHT="30" CONTENT="in" WC="1.00" CC="00"/>
						<SP ID="P2_SP00116" HPOS="901" VPOS="1214" WIDTH="14"/>
						<String ID="P2_ST00132" HPOS="915" VPOS="1177" WIDTH="55" HEIGHT="31" CONTENT="the" WC="1.00" CC="000"/>
						<SP ID="P2_SP00117" HPOS="970" VPOS="1214" WIDTH="13"/>
						<String ID="P2_ST00133" HPOS="983" VPOS="1186" WIDTH="168" HEIGHT="29" CONTENT="program." WC="1.00" CC="00000010"/>
						<SP ID="P2_SP00118" HPOS="1151" VPOS="1215" WIDTH="17"/>
						<String ID="P2_ST00134" HPOS="1168" VPOS="1178" WIDTH="212" HEIGHT="32" CONTENT="PRO-Peace" WC="1.00" CC="000000000"/>
						<SP ID="P2_SP00119" HPOS="1380" VPOS="1215" WIDTH="12"/>
						<String ID="P2_ST00135" HPOS="1392" VPOS="1178" WIDTH="25" HEIGHT="32" CONTENT="is" WC="1.00" CC="00"/>
					</TextLine>
					<TextLine ID="P2_TL00017" HPOS="259" VPOS="1219" WIDTH="884" HEIGHT="38">
						<String ID="P2_ST00136" HPOS="259" VPOS="1219" WIDTH="132" HEIGHT="38" CONTENT="seeking" WC="1.00" CC="0000100"/>
						<SP ID="P2_SP00120" HPOS="391" VPOS="1257" WIDTH="13"/>
						<String ID="P2_ST00137" HPOS="404" VPOS="1220" WIDTH="217" HEIGHT="37" CONTENT="participants" WC="1.00" CC="000000000001"/>
						<SP ID="P2_SP00121" HPOS="621" VPOS="1257" WIDTH="14"/>
						<String ID="P2_ST00138" HPOS="635" VPOS="1221" WIDTH="89" HEIGHT="31" CONTENT="from" WC="1.00" CC="0001"/>
						<SP ID="P2_SP00122" HPOS="724" VPOS="1257" WIDTH="13"/>
						<String ID="P2_ST00139" HPOS="737" VPOS="1222" WIDTH="42" HEIGHT="30" CONTENT="all" WC="1.00" CC="000"/>
						<SP ID="P2_SP00123" HPOS="779" VPOS="1257" WIDTH="13"/>
						<String ID="P2_ST00140" HPOS="792" VPOS="1231" WIDTH="92" HEIGHT="22" CONTENT="areas" WC="1.00" CC="00000"/>
						<SP ID="P2_SP00124" HPOS="884" VPOS="1257" WIDTH="13"/>
						<String ID="P2_ST00141" HPOS="897" VPOS="1222" WIDTH="41" HEIGHT="31" CONTENT="of" WC="1.00" CC="00"/>
						<SP ID="P2_SP00125" HPOS="938" VPOS="1257" WIDTH="10"/>
						<String ID="P2_ST00142" HPOS="948" VPOS="1222" WIDTH="54" HEIGHT="32" CONTENT="the" WC="1.00" CC="000"/>
						<SP ID="P2_SP00126" HPOS="1002" VPOS="1257" WIDTH="13"/>
						<String ID="P2_ST00143" HPOS="1015" VPOS="1223" WIDTH="128" HEIGHT="32" CONTENT="nation." WC="1.00" CC="0000000"/>
					</TextLine>
				</TextBlock>
				<TextBlock ID="P2_TB00006" HPOS="263" VPOS="1293" WIDTH="844" HEIGHT="61" STYLEREFS="TXT_1 PAR_LEFT">
					<TextLine ID="P2_TL00018" HPOS="263" VPOS="1293" WIDTH="843" HEIGHT="61">
						<String ID="P2_ST00144" HPOS="263" VPOS="1293" WIDTH="271" HEIGHT="50" CONTENT="Students" WC="1.00" CC="01000000"/>
						<SP ID="P2_SP00127" HPOS="534" VPOS="1343" WIDTH="20"/>
						<String ID="P2_ST00145" HPOS="554" VPOS="1294" WIDTH="214" HEIGHT="60" CONTENT="protest" WC="1.00" CC="0000000"/>
						<SP ID="P2_SP00128" HPOS="768" VPOS="1354" WIDTH="19"/>
						<String ID="P2_ST00146" HPOS="787" VPOS="1294" WIDTH="90" HEIGHT="49" CONTENT="fee" WC="1.00" CC="000"/>
						<SP ID="P2_SP00129" HPOS="877" VPOS="1354" WIDTH="18"/>
						<String ID="P2_ST00147" HPOS="895" VPOS="1295" WIDTH="211" HEIGHT="48" CONTENT="control" WC="1.00" CC="0000000"/>
					</TextLine>
				</TextBlock>
				<TextBlock ID="P2_TB00007" HPOS="261" VPOS="1387" WIDTH="1161" HEIGHT="450" STYLEREFS="TXT_2 PAR_BLOCK">
					<TextLine ID="P2_TL00019" HPOS="305" VPOS="1387" WIDTH="1117" HEIGHT="38">
						<String ID="P2_ST00148" HPOS="305" VPOS="1387" WIDTH="109" HEIGHT="37" CONTENT="(CPS)" WC="1.00" CC="00000"/>
						<SP ID="P2_SP00130" HPOS="414" VPOS="1424" WIDTH="32"/>
						<String ID="P2_ST00149" HPOS="446" VPOS="1404" WIDTH="40" HEIGHT="5" CONTENT="—" WC="1.00" CC="0"/>
						<SP ID="P2_SP00131" HPOS="486" VPOS="1424" WIDTH="31"/>
						<String ID="P2_ST00150" HPOS="517" VPOS="1387" WIDTH="189" HEIGHT="38" CONTENT="University" WC="1.00" CC="1000000000"/>
						<SP ID="P2_SP00132" HPOS="706" VPOS="1425" WIDTH="31"/>
						<String ID="P2_ST00151" HPOS="737" VPOS="1387" WIDTH="40" HEIGHT="31" CONTENT="of" WC="1.00" CC="00"/>
						<SP ID="P2_SP00133" HPOS="777" VPOS="1425" WIDTH="29"/>
						<String ID="P2_ST00152" HPOS="806" VPOS="1387" WIDTH="436" HEIGHT="32" CONTENT="Massachusetts-Amherst" WC="1.00" CC="000000000000010000000"/>
						<SP ID="P2_SP00134" HPOS="1242" VPOS="1425" WIDTH="30"/>
						<String ID="P2_ST00153" HPOS="1272" VPOS="1388" WIDTH="150" HEIGHT="31" CONTENT="students" WC="1.00" CC="00000000"/>
					</TextLine>
					<TextLine ID="P2_TL00020" HPOS="262" VPOS="1432" WIDTH="1157" HEIGHT="39">
						<String ID="P2_ST00154" HPOS="262" VPOS="1442" WIDTH="82" HEIGHT="22" CONTENT="were" WC="1.00" CC="1000"/>
						<SP ID="P2_SP00135" HPOS="344" VPOS="1464" WIDTH="18"/>
						<String ID="P2_ST00155" HPOS="362" VPOS="1432" WIDTH="145" HEIGHT="32" CONTENT="arrested" WC="1.00" CC="00000000"/>
						<SP ID="P2_SP00136" HPOS="507" VPOS="1464" WIDTH="18"/>
						<String ID="P2_ST00156" HPOS="525" VPOS="1432" WIDTH="120" HEIGHT="39" CONTENT="during" WC="1.00" CC="000000"/>
						<SP ID="P2_SP00137" HPOS="645" VPOS="1471" WIDTH="18"/>
						<String ID="P2_ST00157" HPOS="663" VPOS="1432" WIDTH="106" HEIGHT="33" CONTENT="sit-ins" WC="1.00" CC="0001000"/>
						<SP ID="P2_SP00138" HPOS="769" VPOS="1471" WIDTH="19"/>
						<String ID="P2_ST00158" HPOS="788" VPOS="1438" WIDTH="35" HEIGHT="27" CONTENT="to" WC="1.00" CC="00"/>
						<SP ID="P2_SP00139" HPOS="823" VPOS="1471" WIDTH="18"/>
						<String ID="P2_ST00159" HPOS="841" VPOS="1438" WIDTH="125" HEIGHT="33" CONTENT="protest" WC="1.00" CC="0000001"/>
						<SP ID="P2_SP00140" HPOS="966" VPOS="1471" WIDTH="18"/>
						<String ID="P2_ST00160" HPOS="984" VPOS="1433" WIDTH="55" HEIGHT="32" CONTENT="the" WC="1.00" CC="000"/>
						<SP ID="P2_SP00141" HPOS="1039" VPOS="1471" WIDTH="18"/>
						<String ID="P2_ST00161" HPOS="1057" VPOS="1433" WIDTH="158" HEIGHT="32" CONTENT="takeover" WC="1.00" CC="00000000"/>
						<SP ID="P2_SP00142" HPOS="1215" VPOS="1471" WIDTH="17"/>
						<String ID="P2_ST00162" HPOS="1232" VPOS="1433" WIDTH="41" HEIGHT="32" CONTENT="of" WC="1.00" CC="00"/>
						<SP ID="P2_SP00143" HPOS="1273" VPOS="1471" WIDTH="15"/>
						<String ID="P2_ST00163" HPOS="1288" VPOS="1433" WIDTH="131" HEIGHT="32" CONTENT="student" WC="1.00" CC="0000000"/>
					</TextLine>
					<TextLine ID="P2_TL00021" HPOS="263" VPOS="1478" WIDTH="1158" HEIGHT="40">
						<String ID="P2_ST00164" HPOS="263" VPOS="1478" WIDTH="67" HEIGHT="32" CONTENT="fees" WC="1.00" CC="0010"/>
						<SP ID="P2_SP00144" HPOS="330" VPOS="1510" WIDTH="18"/>
						<String ID="P2_ST00165" HPOS="348" VPOS="1479" WIDTH="42" HEIGHT="38" CONTENT="by" WC="1.00" CC="00"/>
						<SP ID="P2_SP00145" HPOS="390" VPOS="1517" WIDTH="18"/>
						<String ID="P2_ST00166" HPOS="408" VPOS="1479" WIDTH="139" HEIGHT="31" CONTENT="Student" WC="1.00" CC="0000000"/>
						<SP ID="P2_SP00146" HPOS="547" VPOS="1517" WIDTH="19"/>
						<String ID="P2_ST00167" HPOS="566" VPOS="1478" WIDTH="172" HEIGHT="32" CONTENT="Activities" WC="1.00" CC="0000000001"/>
						<SP ID="P2_SP00147" HPOS="738" VPOS="1517" WIDTH="19"/>
						<String ID="P2_ST00168" HPOS="757" VPOS="1479" WIDTH="151" HEIGHT="31" CONTENT="Director" WC="1.00" CC="00000000"/>
						<SP ID="P2_SP00148" HPOS="908" VPOS="1517" WIDTH="20"/>
						<String ID="P2_ST00169" HPOS="928" VPOS="1479" WIDTH="118" HEIGHT="38" CONTENT="Randy" WC="1.00" CC="00000"/>
						<SP ID="P2_SP00149" HPOS="1046" VPOS="1517" WIDTH="19"/>
						<String ID="P2_ST00170" HPOS="1065" VPOS="1481" WIDTH="148" HEIGHT="30" CONTENT="Donant." WC="1.00" CC="0000000"/>
						<SP ID="P2_SP00150" HPOS="1213" VPOS="1517" WIDTH="21"/>
						<String ID="P2_ST00171" HPOS="1234" VPOS="1479" WIDTH="187" HEIGHT="39" CONTENT="University" WC="1.00" CC="1000100001"/>
					</TextLine>
					<TextLine ID="P2_TL00022" HPOS="261" VPOS="1525" WIDTH="1160" HEIGHT="39">
						<String ID="P2_ST00172" HPOS="261" VPOS="1525" WIDTH="267" HEIGHT="31" CONTENT="administrators" WC="1.00" CC="00100000001000"/>
						<SP ID="P2_SP00151" HPOS="528" VPOS="1556" WIDTH="26"/>
						<String ID="P2_ST00173" HPOS="554" VPOS="1525" WIDTH="71" HEIGHT="32" CONTENT="said" WC="1.00" CC="0000"/>
						<SP ID="P2_SP00152" HPOS="625" VPOS="1557" WIDTH="32"/>
						<String ID="P2_ST00174" HPOS="657" VPOS="1526" WIDTH="35" HEIGHT="31" CONTENT="18" WC="1.00" CC="00"/>
						<SP ID="P2_SP00153" HPOS="692" VPOS="1557" WIDTH="26"/>
						<String ID="P2_ST00175" HPOS="718" VPOS="1525" WIDTH="40" HEIGHT="32" CONTENT="of" WC="1.00" CC="00"/>
						<SP ID="P2_SP00154" HPOS="758" VPOS="1557" WIDTH="24"/>
						<String ID="P2_ST00176" HPOS="782" VPOS="1526" WIDTH="55" HEIGHT="31" CONTENT="the" WC="1.00" CC="001"/>
						<SP ID="P2_SP00155" HPOS="837" VPOS="1557" WIDTH="25"/>
						<String ID="P2_ST00177" HPOS="862" VPOS="1526" WIDTH="42" HEIGHT="31" CONTENT="20" WC="1.00" CC="00"/>
						<SP ID="P2_SP00156" HPOS="904" VPOS="1557" WIDTH="25"/>
						<String ID="P2_ST00178" HPOS="929" VPOS="1526" WIDTH="151" HEIGHT="31" CONTENT="students" WC="1.00" CC="00000010"/>
						<SP ID="P2_SP00157" HPOS="1080" VPOS="1557" WIDTH="26"/>
						<String ID="P2_ST00179" HPOS="1106" VPOS="1526" WIDTH="146" HEIGHT="31" CONTENT="arrested" WC="1.00" CC="00001101"/>
						<SP ID="P2_SP00158" HPOS="1252" VPOS="1557" WIDTH="26"/>
						<String ID="P2_ST00180" HPOS="1278" VPOS="1535" WIDTH="76" HEIGHT="29" CONTENT="may" WC="1.00" CC="100"/>
						<SP ID="P2_SP00159" HPOS="1354" VPOS="1564" WIDTH="27"/>
						<String ID="P2_ST00181" HPOS="1381" VPOS="1526" WIDTH="40" HEIGHT="31" CONTENT="be" WC="1.00" CC="00"/>
					</TextLine>
					<TextLine ID="P2_TL00023" HPOS="261" VPOS="1570" WIDTH="200" HEIGHT="39">
						<String ID="P2_ST00182" HPOS="261" VPOS="1570" WIDTH="200" HEIGHT="39" CONTENT="suspended." WC="1.00" CC="0000000000"/>
					</TextLine>
					<TextLine ID="P2_TL00024" HPOS="303" VPOS="1617" WIDTH="1116" HEIGHT="39">
						<String ID="P2_ST00183" HPOS="303" VPOS="1617" WIDTH="70" HEIGHT="31" CONTENT="The" WC="1.00" CC="000"/>
						<SP ID="P2_SP00160" HPOS="373" VPOS="1648" WIDTH="44"/>
						<String ID="P2_ST00184" HPOS="417" VPOS="1617" WIDTH="133" HEIGHT="31" CONTENT="student" WC="1.00" CC="0000000"/>
						<SP ID="P2_SP00161" HPOS="550" VPOS="1648" WIDTH="45"/>
						<String ID="P2_ST00185" HPOS="595" VPOS="1622" WIDTH="217" HEIGHT="34" CONTENT="government" WC="1.00" CC="0000000000"/>
						<SP ID="P2_SP00162" HPOS="812" VPOS="1656" WIDTH="45"/>
						<String ID="P2_ST00186" HPOS="857" VPOS="1617" WIDTH="67" HEIGHT="32" CONTENT="and" WC="1.00" CC="000" STYLEREFS="TXT_3"/>
						<SP ID="P2_SP00163" HPOS="924" VPOS="1656" WIDTH="45"/>
						<String ID="P2_ST00187" HPOS="969" VPOS="1617" WIDTH="56" HEIGHT="32" CONTENT="the" WC="1.00" CC="100" STYLEREFS="TXT_3"/>
						<SP ID="P2_SP00164" HPOS="1025" VPOS="1656" WIDTH="45"/>
						<String ID="P2_ST00188" HPOS="1070" VPOS="1617" WIDTH="178" HEIGHT="39" CONTENT="university" WC="1.00" CC="0000001000"/>
						<SP ID="P2_SP00165" HPOS="1248" VPOS="1656" WIDTH="44"/>
						<String ID="P2_ST00189" HPOS="1292" VPOS="1617" WIDTH="127" HEIGHT="32" CONTENT="alumni" WC="1.00" CC="010100"/>
					</TextLine>
					<TextLine ID="P2_TL00025" HPOS="261" VPOS="1663" WIDTH="1159" HEIGHT="39">
						<String ID="P2_ST00190" HPOS="261" VPOS="1663" WIDTH="202" HEIGHT="32" CONTENT="association" WC="1.00" CC="00001000000"/>
						<SP ID="P2_SP00166" HPOS="463" VPOS="1695" WIDTH="21"/>
						<String ID="P2_ST00191" HPOS="484" VPOS="1663" WIDTH="84" HEIGHT="32" CONTENT="have" WC="1.00" CC="0001" STYLEREFS="TXT_3"/>
						<SP ID="P2_SP00167" HPOS="568" VPOS="1695" WIDTH="20"/>
						<String ID="P2_ST00192" HPOS="588" VPOS="1663" WIDTH="158" HEIGHT="39" CONTENT="formally" WC="1.00" CC="00010110" STYLEREFS="TXT_3"/>
						<SP ID="P2_SP00168" HPOS="746" VPOS="1702" WIDTH="20"/>
						<String ID="P2_ST00193" HPOS="766" VPOS="1663" WIDTH="168" HEIGHT="39" CONTENT="protested" WC="1.00" CC="000001000" STYLEREFS="TXT_3"/>
						<SP ID="P2_SP00169" HPOS="934" VPOS="1702" WIDTH="21"/>
						<String ID="P2_ST00194" HPOS="955" VPOS="1663" WIDTH="56" HEIGHT="32" CONTENT="the" WC="1.00" CC="000" STYLEREFS="TXT_3"/>
						<SP ID="P2_SP00170" HPOS="1011" VPOS="1702" WIDTH="18"/>
						<String ID="P2_ST00195" HPOS="1029" VPOS="1663" WIDTH="127" HEIGHT="39" CONTENT="change" WC="1.00" CC="000000" STYLEREFS="TXT_3"/>
						<SP ID="P2_SP00171" HPOS="1156" VPOS="1702" WIDTH="20"/>
						<String ID="P2_ST00196" HPOS="1176" VPOS="1663" WIDTH="34" HEIGHT="31" CONTENT="in" WC="1.00" CC="00" STYLEREFS="TXT_3"/>
						<SP ID="P2_SP00172" HPOS="1210" VPOS="1702" WIDTH="19"/>
						<String ID="P2_ST00197" HPOS="1229" VPOS="1663" WIDTH="131" HEIGHT="32" CONTENT="control" WC="1.00" CC="0001000" STYLEREFS="TXT_3"/>
						<SP ID="P2_SP00173" HPOS="1360" VPOS="1702" WIDTH="21"/>
						<String ID="P2_ST00198" HPOS="1381" VPOS="1663" WIDTH="39" HEIGHT="32" CONTENT="of" WC="1.00" CC="00" STYLEREFS="TXT_3"/>
					</TextLine>
					<TextLine ID="P2_TL00026" HPOS="261" VPOS="1708" WIDTH="148" HEIGHT="33">
						<String ID="P2_ST00199" HPOS="261" VPOS="1708" WIDTH="55" HEIGHT="33" CONTENT="the" WC="1.00" CC="000" STYLEREFS="TXT_3"/>
						<SP ID="P2_SP00174" HPOS="316" VPOS="1741" WIDTH="13"/>
						<String ID="P2_ST00200" HPOS="329" VPOS="1708" WIDTH="80" HEIGHT="33" CONTENT="fees." WC="1.00" CC="00000" STYLEREFS="TXT_3"/>
					</TextLine>
					<TextLine ID="P2_TL00027" HPOS="306" VPOS="1753" WIDTH="1111" HEIGHT="40">
						<String ID="P2_ST00201" HPOS="306" VPOS="1755" WIDTH="137" HEIGHT="31" CONTENT="Donant" WC="1.00" CC="000000" STYLEREFS="TXT_3"/>
						<SP ID="P2_SP00175" HPOS="443" VPOS="1786" WIDTH="32"/>
						<String ID="P2_ST00202" HPOS="475" VPOS="1753" WIDTH="72" HEIGHT="33" CONTENT="said" WC="1.00" CC="0011" STYLEREFS="TXT_3"/>
						<SP ID="P2_SP00176" HPOS="547" VPOS="1786" WIDTH="30"/>
						<String ID="P2_ST00203" HPOS="577" VPOS="1753" WIDTH="56" HEIGHT="33" CONTENT="the" WC="1.00" CC="000" STYLEREFS="TXT_3"/>
						<SP ID="P2_SP00177" HPOS="633" VPOS="1786" WIDTH="30"/>
						<String ID="P2_ST00204" HPOS="663" VPOS="1754" WIDTH="157" HEIGHT="32" CONTENT="takeover" WC="1.00" CC="00000010" STYLEREFS="TXT_3"/>
						<SP ID="P2_SP00178" HPOS="820" VPOS="1786" WIDTH="31"/>
						<String ID="P2_ST00205" HPOS="851" VPOS="1763" WIDTH="66" HEIGHT="23" CONTENT="was" WC="1.00" CC="100" STYLEREFS="TXT_3"/>
						<SP ID="P2_SP00179" HPOS="917" VPOS="1786" WIDTH="32"/>
						<String ID="P2_ST00206" HPOS="949" VPOS="1763" WIDTH="172" HEIGHT="30" CONTENT="necessary" WC="1.00" CC="010000000" STYLEREFS="TXT_3"/>
						<SP ID="P2_SP00180" HPOS="1121" VPOS="1793" WIDTH="30"/>
						<String ID="P2_ST00207" HPOS="1151" VPOS="1759" WIDTH="36" HEIGHT="27" CONTENT="to" WC="1.00" CC="00" STYLEREFS="TXT_3"/>
						<SP ID="P2_SP00181" HPOS="1187" VPOS="1793" WIDTH="31"/>
						<String ID="P2_ST00208" HPOS="1218" VPOS="1754" WIDTH="127" HEIGHT="32" CONTENT="resolve" WC="1.00" CC="0000000" STYLEREFS="TXT_3"/>
						<SP ID="P2_SP00182" HPOS="1345" VPOS="1793" WIDTH="30"/>
						<String ID="P2_ST00209" HPOS="1375" VPOS="1763" WIDTH="42" HEIGHT="23" CONTENT="an" WC="0.98" CC="10" STYLEREFS="TXT_3"/>
					</TextLine>
					<TextLine ID="P2_TL00028" HPOS="263" VPOS="1799" WIDTH="744" HEIGHT="38">
						<String ID="P2_ST00210" HPOS="263" VPOS="1799" WIDTH="149" HEIGHT="38" CONTENT="ongoing" WC="1.00" CC="0100100" STYLEREFS="TXT_3"/>
						<SP ID="P2_SP00183" HPOS="412" VPOS="1837" WIDTH="12"/>
						<String ID="P2_ST00211" HPOS="424" VPOS="1799" WIDTH="133" HEIGHT="32" CONTENT="student" WC="1.00" CC="0011100" STYLEREFS="TXT_3"/>
						<SP ID="P2_SP00184" HPOS="557" VPOS="1837" WIDTH="12"/>
						<String ID="P2_ST00212" HPOS="569" VPOS="1805" WIDTH="216" HEIGHT="32" CONTENT="government" WC="1.00" CC="0000001000" STYLEREFS="TXT_3"/>
						<SP ID="P2_SP00185" HPOS="785" VPOS="1837" WIDTH="14"/>
						<String ID="P2_ST00213" HPOS="799" VPOS="1800" WIDTH="93" HEIGHT="31" CONTENT="fiscal" WC="1.00" CC="110001" STYLEREFS="TXT_3"/>
						<SP ID="P2_SP00186" HPOS="892" VPOS="1837" WIDTH="12"/>
						<String ID="P2_ST00214" HPOS="904" VPOS="1800" WIDTH="103" HEIGHT="31" CONTENT="crisis." WC="1.00" CC="0001001"/>
					</TextLine>
				</TextBlock>
				<TextBlock ID="P2_TB00008" HPOS="277" VPOS="1888" WIDTH="1000" HEIGHT="63" STYLEREFS="TXT_1 PAR_LEFT">
					<TextLine ID="P2_TL00029" HPOS="277" VPOS="1888" WIDTH="1000" HEIGHT="63">
						<String ID="P2_ST00215" HPOS="277" VPOS="1888" WIDTH="319" HEIGHT="52" CONTENT="Dartmouth" WC="1.00" CC="000000100"/>
						<SP ID="P2_SP00187" HPOS="596" VPOS="1940" WIDTH="18"/>
						<String ID="P2_ST00216" HPOS="614" VPOS="1889" WIDTH="216" HEIGHT="50" CONTENT="divided" WC="1.00" CC="0000000"/>
						<SP ID="P2_SP00188" HPOS="830" VPOS="1940" WIDTH="19"/>
						<String ID="P2_ST00217" HPOS="849" VPOS="1900" WIDTH="129" HEIGHT="39" CONTENT="over" WC="1.00" CC="0000"/>
						<SP ID="P2_SP00189" HPOS="978" VPOS="1940" WIDTH="15"/>
						<String ID="P2_ST00218" HPOS="993" VPOS="1888" WIDTH="284" HEIGHT="63" CONTENT="apartheid" WC="1.00" CC="000000000"/>
					</TextLine>
				</TextBlock>
				<TextBlock ID="P2_TB00009" HPOS="269" VPOS="1982" WIDTH="1158" HEIGHT="452" STYLEREFS="TXT_2 PAR_BLOCK">
					<TextLine ID="P2_TL00030" HPOS="318" VPOS="1982" WIDTH="1109" HEIGHT="39">
						<String ID="P2_ST00219" HPOS="318" VPOS="1983" WIDTH="234" HEIGHT="36" CONTENT="HANOVER," WC="1.00" CC="00000101"/>
						<SP ID="P2_SP00190" HPOS="552" VPOS="2019" WIDTH="17"/>
						<String ID="P2_ST00220" HPOS="569" VPOS="1983" WIDTH="93" HEIGHT="31" CONTENT="N.H." WC="0.97" CC="0100"/>
						<SP ID="P2_SP00191" HPOS="662" VPOS="2019" WIDTH="17"/>
						<String ID="P2_ST00221" HPOS="679" VPOS="1999" WIDTH="41" HEIGHT="6" CONTENT="—" WC="1.00" CC="0"/>
						<SP ID="P2_SP00192" HPOS="720" VPOS="2019" WIDTH="15"/>
						<String ID="P2_ST00222" HPOS="735" VPOS="1982" WIDTH="203" HEIGHT="32" CONTENT="Dartmouth" WC="1.00" CC="000010000"/>
						<SP ID="P2_SP00193" HPOS="938" VPOS="2019" WIDTH="15"/>
						<String ID="P2_ST00223" HPOS="953" VPOS="1982" WIDTH="135" HEIGHT="39" CONTENT="College" WC="1.00" CC="0010000"/>
						<SP ID="P2_SP00194" HPOS="1088" VPOS="2021" WIDTH="16"/>
						<String ID="P2_ST00224" HPOS="1104" VPOS="1982" WIDTH="25" HEIGHT="32" CONTENT="is" WC="1.00" CC="00"/>
						<SP ID="P2_SP00195" HPOS="1129" VPOS="2021" WIDTH="14"/>
						<String ID="P2_ST00225" HPOS="1143" VPOS="1982" WIDTH="228" HEIGHT="39" CONTENT="experiencing" WC="1.00" CC="010000000000"/>
						<SP ID="P2_SP00196" HPOS="1371" VPOS="2021" WIDTH="15"/>
						<String ID="P2_ST00226" HPOS="1386" VPOS="1991" WIDTH="41" HEIGHT="23" CONTENT="an" WC="1.00" CC="00"/>
					</TextLine>
					<TextLine ID="P2_TL00031" HPOS="273" VPOS="2027" WIDTH="1154" HEIGHT="39">
						<String ID="P2_ST00227" HPOS="273" VPOS="2027" WIDTH="126" HEIGHT="33" CONTENT="intense" WC="1.00" CC="0011000"/>
						<SP ID="P2_SP00197" HPOS="399" VPOS="2060" WIDTH="34"/>
						<String ID="P2_ST00228" HPOS="433" VPOS="2027" WIDTH="143" HEIGHT="39" CONTENT="struggle" WC="1.00" CC="00000000"/>
						<SP ID="P2_SP00198" HPOS="576" VPOS="2066" WIDTH="35"/>
						<String ID="P2_ST00229" HPOS="611" VPOS="2027" WIDTH="147" HEIGHT="33" CONTENT="between" WC="1.00" CC="0000000"/>
						<SP ID="P2_SP00199" HPOS="758" VPOS="2066" WIDTH="35"/>
						<String ID="P2_ST00230" HPOS="793" VPOS="2027" WIDTH="55" HEIGHT="32" CONTENT="the" WC="1.00" CC="000"/>
						<SP ID="P2_SP00200" HPOS="848" VPOS="2066" WIDTH="35"/>
						<String ID="P2_ST00231" HPOS="883" VPOS="2027" WIDTH="203" HEIGHT="33" CONTENT="Dartmouth" WC="1.00" CC="000010000"/>
						<SP ID="P2_SP00201" HPOS="1086" VPOS="2066" WIDTH="35"/>
						<String ID="P2_ST00232" HPOS="1121" VPOS="2027" WIDTH="218" HEIGHT="39" CONTENT="Community" WC="1.00" CC="000100000"/>
						<SP ID="P2_SP00202" HPOS="1339" VPOS="2066" WIDTH="36"/>
						<String ID="P2_ST00233" HPOS="1375" VPOS="2027" WIDTH="52" HEIGHT="32" CONTENT="for" WC="1.00" CC="000"/>
					</TextLine>
					<TextLine ID="P2_TL00032" HPOS="273" VPOS="2073" WIDTH="1154" HEIGHT="39">
						<String ID="P2_ST00234" HPOS="273" VPOS="2073" WIDTH="219" HEIGHT="38" CONTENT="Divestment," WC="1.00" CC="00000000001"/>
						<SP ID="P2_SP00203" HPOS="492" VPOS="2111" WIDTH="22"/>
						<String ID="P2_ST00235" HPOS="514" VPOS="2083" WIDTH="21" HEIGHT="22" CONTENT="a" WC="1.00" CC="0"/>
						<SP ID="P2_SP00204" HPOS="535" VPOS="2111" WIDTH="20"/>
						<String ID="P2_ST00236" HPOS="555" VPOS="2082" WIDTH="139" HEIGHT="30" CONTENT="campus" WC="1.00" CC="001000"/>
						<SP ID="P2_SP00205" HPOS="694" VPOS="2112" WIDTH="20"/>
						<String ID="P2_ST00237" HPOS="714" VPOS="2082" WIDTH="109" HEIGHT="30" CONTENT="group" WC="1.00" CC="00000"/>
						<SP ID="P2_SP00206" HPOS="823" VPOS="2112" WIDTH="20"/>
						<String ID="P2_ST00238" HPOS="843" VPOS="2073" WIDTH="128" HEIGHT="39" CONTENT="against" WC="1.00" CC="0000010"/>
						<SP ID="P2_SP00207" HPOS="971" VPOS="2112" WIDTH="21"/>
						<String ID="P2_ST00239" HPOS="992" VPOS="2073" WIDTH="186" HEIGHT="39" CONTENT="apartheid," WC="1.00" CC="0000000001"/>
						<SP ID="P2_SP00208" HPOS="1178" VPOS="2112" WIDTH="22"/>
						<String ID="P2_ST00240" HPOS="1200" VPOS="2073" WIDTH="66" HEIGHT="32" CONTENT="and" WC="1.00" CC="000"/>
						<SP ID="P2_SP00209" HPOS="1266" VPOS="2112" WIDTH="21"/>
						<String ID="P2_ST00241" HPOS="1287" VPOS="2082" WIDTH="20" HEIGHT="23" CONTENT="a" WC="1.00" CC="0"/>
						<SP ID="P2_SP00210" HPOS="1307" VPOS="2112" WIDTH="21"/>
						<String ID="P2_ST00242" HPOS="1328" VPOS="2073" WIDTH="83" HEIGHT="39" CONTENT="right" SUBS_TYPE="HypPart1" SUBS_CONTENT="rightwing" WC="1.00" CC="00000"/>
						<HYP HPOS="1411" VPOS="2073" WIDTH="16" CONTENT="-"/>
					</TextLine>
					<TextLine ID="P2_TL00033" HPOS="271" VPOS="2119" WIDTH="1156" HEIGHT="40">
						<String ID="P2_ST00243" HPOS="271" VPOS="2120" WIDTH="86" HEIGHT="38" CONTENT="wing" SUBS_TYPE="HypPart2" SUBS_CONTENT="rightwing" WC="1.00" CC="0000"/>
						<SP ID="P2_SP00211" HPOS="357" VPOS="2158" WIDTH="15"/>
						<String ID="P2_ST00244" HPOS="372" VPOS="2129" WIDTH="194" HEIGHT="30" CONTENT="newspaper" WC="1.00" CC="000100000"/>
						<SP ID="P2_SP00212" HPOS="566" VPOS="2159" WIDTH="14"/>
						<String ID="P2_ST00245" HPOS="580" VPOS="2119" WIDTH="106" HEIGHT="32" CONTENT="called" WC="1.00" CC="000000"/>
						<SP ID="P2_SP00213" HPOS="686" VPOS="2159" WIDTH="21"/>
						<String ID="P2_ST00246" HPOS="707" VPOS="2120" WIDTH="66" HEIGHT="31" CONTENT="The" WC="1.00" CC="000" STYLEREFS="TXT_4"/>
						<SP ID="P2_SP00214" HPOS="773" VPOS="2159" WIDTH="12"/>
						<String ID="P2_ST00247" HPOS="785" VPOS="2119" WIDTH="204" HEIGHT="32" CONTENT="Dartmouth" WC="1.00" CC="110100001" STYLEREFS="TXT_4"/>
						<SP ID="P2_SP00215" HPOS="989" VPOS="2159" WIDTH="15"/>
						<String ID="P2_ST00248" HPOS="1004" VPOS="2120" WIDTH="143" HEIGHT="37" CONTENT="Review," WC="1.00" CC="1021023" STYLEREFS="TXT_4"/>
						<SP ID="P2_SP00216" HPOS="1147" VPOS="2159" WIDTH="17"/>
						<String ID="P2_ST00249" HPOS="1164" VPOS="2119" WIDTH="178" HEIGHT="39" CONTENT="according" WC="1.00" CC="000000000"/>
						<SP ID="P2_SP00217" HPOS="1342" VPOS="2159" WIDTH="15"/>
						<String ID="P2_ST00250" HPOS="1357" VPOS="2125" WIDTH="36" HEIGHT="26" CONTENT="to" WC="0.98" CC="10"/>
						<SP ID="P2_SP00218" HPOS="1393" VPOS="2159" WIDTH="15"/>
						<String ID="P2_ST00251" HPOS="1408" VPOS="2128" WIDTH="19" HEIGHT="23" CONTENT="a" WC="1.00" CC="0"/>
					</TextLine>
					<TextLine ID="P2_TL00034" HPOS="272" VPOS="2165" WIDTH="1155" HEIGHT="39">
						<String ID="P2_ST00252" HPOS="272" VPOS="2171" WIDTH="106" HEIGHT="27" CONTENT="recent" WC="1.00" CC="000000"/>
						<SP ID="P2_SP00219" HPOS="378" VPOS="2198" WIDTH="23"/>
						<String ID="P2_ST00253" HPOS="401" VPOS="2165" WIDTH="193" HEIGHT="32" CONTENT="Newsweek" WC="1.00" CC="10214001" STYLEREFS="TXT_4"/>
						<SP ID="P2_SP00220" HPOS="594" VPOS="2198" WIDTH="20"/>
						<String ID="P2_ST00254" HPOS="614" VPOS="2165" WIDTH="125" HEIGHT="32" CONTENT="article." WC="1.00" CC="00000000"/>
						<SP ID="P2_SP00221" HPOS="739" VPOS="2198" WIDTH="23"/>
						<String ID="P2_ST00255" HPOS="762" VPOS="2165" WIDTH="167" HEIGHT="32" CONTENT="Members" WC="1.00" CC="0000000"/>
						<SP ID="P2_SP00222" HPOS="929" VPOS="2198" WIDTH="21"/>
						<String ID="P2_ST00256" HPOS="950" VPOS="2165" WIDTH="41" HEIGHT="32" CONTENT="of" WC="0.98" CC="01"/>
						<SP ID="P2_SP00223" HPOS="991" VPOS="2198" WIDTH="18"/>
						<String ID="P2_ST00257" HPOS="1009" VPOS="2165" WIDTH="55" HEIGHT="32" CONTENT="the" WC="1.00" CC="000"/>
						<SP ID="P2_SP00224" HPOS="1064" VPOS="2198" WIDTH="20"/>
						<String ID="P2_ST00258" HPOS="1084" VPOS="2165" WIDTH="238" HEIGHT="39" CONTENT="publication's" WC="1.00" CC="0001100010010"/>
						<SP ID="P2_SP00225" HPOS="1322" VPOS="2204" WIDTH="21"/>
						<String ID="P2_ST00259" HPOS="1343" VPOS="2165" WIDTH="84" HEIGHT="32" CONTENT="staff" WC="1.00" CC="00000"/>
					</TextLine>
					<TextLine ID="P2_TL00035" HPOS="271" VPOS="2211" WIDTH="1154" HEIGHT="39">
						<String ID="P2_ST00260" HPOS="271" VPOS="2212" WIDTH="207" HEIGHT="31" CONTENT="demolished" WC="1.00" CC="1000100000"/>
						<SP ID="P2_SP00226" HPOS="478" VPOS="2243" WIDTH="23"/>
						<String ID="P2_ST00261" HPOS="501" VPOS="2211" WIDTH="145" HEIGHT="32" CONTENT="shanties" WC="1.00" CC="00000000"/>
						<SP ID="P2_SP00227" HPOS="646" VPOS="2243" WIDTH="25"/>
						<String ID="P2_ST00262" HPOS="671" VPOS="2211" WIDTH="82" HEIGHT="32" CONTENT="built" WC="1.00" CC="00000"/>
						<SP ID="P2_SP00228" HPOS="753" VPOS="2243" WIDTH="23"/>
						<String ID="P2_ST00263" HPOS="776" VPOS="2220" WIDTH="35" HEIGHT="23" CONTENT="as" WC="1.00" CC="00"/>
						<SP ID="P2_SP00229" HPOS="811" VPOS="2243" WIDTH="23"/>
						<String ID="P2_ST00264" HPOS="834" VPOS="2220" WIDTH="19" HEIGHT="23" CONTENT="a" WC="1.00" CC="0"/>
						<SP ID="P2_SP00230" HPOS="853" VPOS="2243" WIDTH="22"/>
						<String ID="P2_ST00265" HPOS="875" VPOS="2217" WIDTH="125" HEIGHT="33" CONTENT="protest" WC="1.00" CC="0000000"/>
						<SP ID="P2_SP00231" HPOS="1000" VPOS="2250" WIDTH="24"/>
						<String ID="P2_ST00266" HPOS="1024" VPOS="2212" WIDTH="42" HEIGHT="38" CONTENT="by" WC="1.00" CC="00"/>
						<SP ID="P2_SP00232" HPOS="1066" VPOS="2250" WIDTH="23"/>
						<String ID="P2_ST00267" HPOS="1089" VPOS="2212" WIDTH="55" HEIGHT="31" CONTENT="the" WC="1.00" CC="100"/>
						<SP ID="P2_SP00233" HPOS="1144" VPOS="2250" WIDTH="21"/>
						<String ID="P2_ST00268" HPOS="1165" VPOS="2211" WIDTH="260" HEIGHT="39" CONTENT="anti-apartheid" WC="1.00" CC="00001000100000"/>
					</TextLine>
					<TextLine ID="P2_TL00036" HPOS="270" VPOS="2258" WIDTH="1155" HEIGHT="39">
						<String ID="P2_ST00269" HPOS="270" VPOS="2267" WIDTH="119" HEIGHT="30" CONTENT="group." WC="1.00" CC="000000"/>
						<SP ID="P2_SP00234" HPOS="389" VPOS="2297" WIDTH="17"/>
						<String ID="P2_ST00270" HPOS="406" VPOS="2258" WIDTH="69" HEIGHT="31" CONTENT="The" WC="1.00" CC="000"/>
						<SP ID="P2_SP00235" HPOS="475" VPOS="2297" WIDTH="15"/>
						<String ID="P2_ST00271" HPOS="490" VPOS="2258" WIDTH="156" HEIGHT="38" CONTENT="resulting" WC="1.00" CC="000000000"/>
						<SP ID="P2_SP00236" HPOS="646" VPOS="2297" WIDTH="14"/>
						<String ID="P2_ST00272" HPOS="660" VPOS="2258" WIDTH="202" HEIGHT="39" CONTENT="occupation" WC="1.00" CC="0100100000"/>
						<SP ID="P2_SP00237" HPOS="862" VPOS="2297" WIDTH="14"/>
						<String ID="P2_ST00273" HPOS="876" VPOS="2258" WIDTH="41" HEIGHT="31" CONTENT="of" WC="1.00" CC="00"/>
						<SP ID="P2_SP00238" HPOS="917" VPOS="2297" WIDTH="11"/>
						<String ID="P2_ST00274" HPOS="928" VPOS="2258" WIDTH="55" HEIGHT="32" CONTENT="the" WC="1.00" CC="000"/>
						<SP ID="P2_SP00239" HPOS="983" VPOS="2297" WIDTH="12"/>
						<String ID="P2_ST00275" HPOS="995" VPOS="2258" WIDTH="148" HEIGHT="32" CONTENT="school's" WC="1.00" CC="00000110"/>
						<SP ID="P2_SP00240" HPOS="1143" VPOS="2297" WIDTH="13"/>
						<String ID="P2_ST00276" HPOS="1156" VPOS="2258" WIDTH="269" HEIGHT="32" CONTENT="administration" WC="1.00" CC="00000000000000"/>
					</TextLine>
					<TextLine ID="P2_TL00037" HPOS="271" VPOS="2303" WIDTH="1154" HEIGHT="40">
						<String ID="P2_ST00277" HPOS="271" VPOS="2303" WIDTH="150" HEIGHT="39" CONTENT="building" WC="1.00" CC="00010000"/>
						<SP ID="P2_SP00241" HPOS="421" VPOS="2342" WIDTH="19"/>
						<String ID="P2_ST00278" HPOS="440" VPOS="2304" WIDTH="42" HEIGHT="38" CONTENT="by" WC="1.00" CC="00"/>
						<SP ID="P2_SP00242" HPOS="482" VPOS="2342" WIDTH="18"/>
						<String ID="P2_ST00279" HPOS="500" VPOS="2303" WIDTH="96" HEIGHT="33" CONTENT="those" WC="1.00" CC="00001"/>
						<SP ID="P2_SP00243" HPOS="596" VPOS="2342" WIDTH="17"/>
						<String ID="P2_ST00280" HPOS="613" VPOS="2313" WIDTH="103" HEIGHT="29" CONTENT="angry" WC="1.00" CC="00000"/>
						<SP ID="P2_SP00244" HPOS="716" VPOS="2342" WIDTH="19"/>
						<String ID="P2_ST00281" HPOS="735" VPOS="2303" WIDTH="77" HEIGHT="33" CONTENT="with" WC="1.00" CC="0000"/>
						<SP ID="P2_SP00245" HPOS="812" VPOS="2342" WIDTH="19"/>
						<String ID="P2_ST00282" HPOS="831" VPOS="2304" WIDTH="54" HEIGHT="32" CONTENT="the" WC="1.00" CC="001"/>
						<SP ID="P2_SP00246" HPOS="885" VPOS="2342" WIDTH="18"/>
						<String ID="P2_ST00283" HPOS="903" VPOS="2303" WIDTH="197" HEIGHT="33" CONTENT="demolition" WC="1.00" CC="0000010100"/>
						<SP ID="P2_SP00247" HPOS="1100" VPOS="2342" WIDTH="19"/>
						<String ID="P2_ST00284" HPOS="1119" VPOS="2304" WIDTH="121" HEIGHT="32" CONTENT="caused" WC="1.00" CC="000000"/>
						<SP ID="P2_SP00248" HPOS="1240" VPOS="2342" WIDTH="19"/>
						<String ID="P2_ST00285" HPOS="1259" VPOS="2303" WIDTH="166" HEIGHT="40" CONTENT="president" WC="1.00" CC="000000000"/>
					</TextLine>
					<TextLine ID="P2_TL00038" HPOS="272" VPOS="2349" WIDTH="1153" HEIGHT="40">
						<String ID="P2_ST00286" HPOS="272" VPOS="2350" WIDTH="107" HEIGHT="32" CONTENT="David" WC="1.00" CC="00000"/>
						<SP ID="P2_SP00249" HPOS="379" VPOS="2382" WIDTH="14"/>
						<String ID="P2_ST00287" HPOS="393" VPOS="2351" WIDTH="39" HEIGHT="30" CONTENT="T." WC="1.00" CC="00"/>
						<SP ID="P2_SP00250" HPOS="432" VPOS="2382" WIDTH="18"/>
						<String ID="P2_ST00288" HPOS="450" VPOS="2349" WIDTH="223" HEIGHT="40" CONTENT="McLaughlin" WC="1.00" CC="0000000000"/>
						<SP ID="P2_SP00251" HPOS="673" VPOS="2389" WIDTH="13"/>
						<String ID="P2_ST00289" HPOS="686" VPOS="2355" WIDTH="37" HEIGHT="26" CONTENT="to" WC="1.00" CC="00"/>
						<SP ID="P2_SP00252" HPOS="723" VPOS="2389" WIDTH="13"/>
						<String ID="P2_ST00290" HPOS="736" VPOS="2350" WIDTH="111" HEIGHT="32" CONTENT="cancel" WC="1.00" CC="000000"/>
						<SP ID="P2_SP00253" HPOS="847" VPOS="2389" WIDTH="14"/>
						<String ID="P2_ST00291" HPOS="861" VPOS="2350" WIDTH="119" HEIGHT="31" CONTENT="classes" WC="1.00" CC="1000000"/>
						<SP ID="P2_SP00254" HPOS="980" VPOS="2389" WIDTH="14"/>
						<String ID="P2_ST00292" HPOS="994" VPOS="2350" WIDTH="55" HEIGHT="31" CONTENT="the" WC="1.00" CC="000"/>
						<SP ID="P2_SP00255" HPOS="1049" VPOS="2389" WIDTH="14"/>
						<String ID="P2_ST00293" HPOS="1063" VPOS="2355" WIDTH="75" HEIGHT="27" CONTENT="next" WC="1.00" CC="0001"/>
						<SP ID="P2_SP00256" HPOS="1138" VPOS="2389" WIDTH="14"/>
						<String ID="P2_ST00294" HPOS="1152" VPOS="2350" WIDTH="65" HEIGHT="38" CONTENT="day" WC="1.00" CC="000"/>
						<SP ID="P2_SP00257" HPOS="1217" VPOS="2389" WIDTH="14"/>
						<String ID="P2_ST00295" HPOS="1231" VPOS="2350" WIDTH="66" HEIGHT="32" CONTENT="and" WC="1.00" CC="000"/>
						<SP ID="P2_SP00258" HPOS="1297" VPOS="2389" WIDTH="15"/>
						<String ID="P2_ST00296" HPOS="1312" VPOS="2350" WIDTH="80" HEIGHT="31" CONTENT="hold" WC="1.00" CC="0000"/>
						<SP ID="P2_SP00259" HPOS="1392" VPOS="2389" WIDTH="14"/>
						<String ID="P2_ST00297" HPOS="1406" VPOS="2359" WIDTH="19" HEIGHT="22" CONTENT="a" WC="1.00" CC="0"/>
					</TextLine>
					<TextLine ID="P2_TL00039" HPOS="270" VPOS="2395" WIDTH="952" HEIGHT="39">
						<String ID="P2_ST00298" HPOS="270" VPOS="2396" WIDTH="145" HEIGHT="32" CONTENT="teach-in" WC="1.00" CC="00000000"/>
						<SP ID="P2_SP00260" HPOS="415" VPOS="2428" WIDTH="13"/>
						<String ID="P2_ST00299" HPOS="428" VPOS="2395" WIDTH="109" HEIGHT="32" CONTENT="aimed" WC="1.00" CC="00000"/>
						<SP ID="P2_SP00261" HPOS="537" VPOS="2428" WIDTH="12"/>
						<String ID="P2_ST00300" HPOS="549" VPOS="2401" WIDTH="32" HEIGHT="26" CONTENT="at" WC="0.98" CC="01"/>
						<SP ID="P2_SP00262" HPOS="581" VPOS="2428" WIDTH="13"/>
						<String ID="P2_ST00301" HPOS="594" VPOS="2396" WIDTH="189" HEIGHT="38" CONTENT="examining" WC="1.00" CC="000000000"/>
						<SP ID="P2_SP00263" HPOS="783" VPOS="2434" WIDTH="13"/>
						<String ID="P2_ST00302" HPOS="796" VPOS="2396" WIDTH="233" HEIGHT="31" CONTENT="Dartmouth's" WC="1.00" CC="00000000000"/>
						<SP ID="P2_SP00264" HPOS="1029" VPOS="2434" WIDTH="13"/>
						<String ID="P2_ST00303" HPOS="1042" VPOS="2396" WIDTH="180" HEIGHT="38" CONTENT="problems." WC="1.00" CC="000000010"/>
					</TextLine>
				</TextBlock>
				<TextBlock ID="P2_TB00010" HPOS="261" VPOS="2468" WIDTH="901" HEIGHT="62" STYLEREFS="TXT_1 PAR_LEFT">
					<TextLine ID="P2_TL00040" HPOS="261" VPOS="2468" WIDTH="901" HEIGHT="62">
						<String ID="P2_ST00304" HPOS="261" VPOS="2472" WIDTH="131" HEIGHT="51" CONTENT="OSU" WC="1.00" CC="000"/>
						<SP ID="P2_SP00265" HPOS="392" VPOS="2523" WIDTH="21"/>
						<String ID="P2_ST00305" HPOS="413" VPOS="2472" WIDTH="200" HEIGHT="50" CONTENT="cracks" WC="1.00" CC="000000"/>
						<SP ID="P2_SP00266" HPOS="613" VPOS="2523" WIDTH="17"/>
						<String ID="P2_ST00306" HPOS="630" VPOS="2471" WIDTH="162" HEIGHT="49" CONTENT="down" WC="1.00" CC="0000"/>
						<SP ID="P2_SP00267" HPOS="792" VPOS="2523" WIDTH="19"/>
						<String ID="P2_ST00307" HPOS="811" VPOS="2480" WIDTH="72" HEIGHT="38" CONTENT="on" WC="1.00" CC="00"/>
						<SP ID="P2_SP00268" HPOS="883" VPOS="2523" WIDTH="18"/>
						<String ID="P2_ST00308" HPOS="901" VPOS="2468" WIDTH="261" HEIGHT="62" CONTENT="cheating" WC="1.00" CC="00001000"/>
					</TextLine>
				</TextBlock>
				<TextBlock ID="P2_TB00011" HPOS="258" VPOS="2562" WIDTH="1158" HEIGHT="270" STYLEREFS="TXT_2 PAR_BLOCK">
					<TextLine ID="P2_TL00041" HPOS="304" VPOS="2562" WIDTH="1112" HEIGHT="42">
						<String ID="P2_ST00309" HPOS="304" VPOS="2566" WIDTH="110" HEIGHT="38" CONTENT="(CPS)" WC="1.00" CC="00000"/>
						<SP ID="P2_SP00269" HPOS="414" VPOS="2604" WIDTH="36"/>
						<String ID="P2_ST00310" HPOS="450" VPOS="2583" WIDTH="41" HEIGHT="4" CONTENT="—" WC="1.00" CC="0"/>
						<SP ID="P2_SP00270" HPOS="491" VPOS="2604" WIDTH="35"/>
						<String ID="P2_ST00311" HPOS="526" VPOS="2563" WIDTH="158" HEIGHT="33" CONTENT="Students" WC="1.00" CC="00000000"/>
						<SP ID="P2_SP00271" HPOS="684" VPOS="2604" WIDTH="34"/>
						<String ID="P2_ST00312" HPOS="718" VPOS="2568" WIDTH="34" HEIGHT="28" CONTENT="at" WC="1.00" CC="00"/>
						<SP ID="P2_SP00272" HPOS="752" VPOS="2604" WIDTH="34"/>
						<String ID="P2_ST00313" HPOS="786" VPOS="2562" WIDTH="194" HEIGHT="33" CONTENT="Oklahoma" WC="1.00" CC="01000000"/>
						<SP ID="P2_SP00273" HPOS="980" VPOS="2604" WIDTH="35"/>
						<String ID="P2_ST00314" HPOS="1015" VPOS="2562" WIDTH="90" HEIGHT="33" CONTENT="State" WC="1.00" CC="00000"/>
						<SP ID="P2_SP00274" HPOS="1105" VPOS="2604" WIDTH="35"/>
						<String ID="P2_ST00315" HPOS="1140" VPOS="2562" WIDTH="187" HEIGHT="38" CONTENT="University" WC="1.00" CC="0000000000"/>
						<SP ID="P2_SP00275" HPOS="1327" VPOS="2604" WIDTH="34"/>
						<String ID="P2_ST00316" HPOS="1361" VPOS="2570" WIDTH="55" HEIGHT="23" CONTENT="are" WC="1.00" CC="000"/>
					</TextLine>
					<TextLine ID="P2_TL00042" HPOS="260" VPOS="2607" WIDTH="1156" HEIGHT="44">
						<String ID="P2_ST00317" HPOS="260" VPOS="2611" WIDTH="227" HEIGHT="40" CONTENT="complaining" WC="1.00" CC="00001000000"/>
						<SP ID="P2_SP00276" HPOS="487" VPOS="2651" WIDTH="27"/>
						<String ID="P2_ST00318" HPOS="514" VPOS="2610" WIDTH="72" HEIGHT="32" CONTENT="that" WC="1.00" CC="0000"/>
						<SP ID="P2_SP00277" HPOS="586" VPOS="2651" WIDTH="27"/>
						<String ID="P2_ST00319" HPOS="613" VPOS="2609" WIDTH="105" HEIGHT="39" CONTENT="tough" WC="1.00" CC="00000"/>
						<SP ID="P2_SP00278" HPOS="718" VPOS="2651" WIDTH="27"/>
						<String ID="P2_ST00320" HPOS="745" VPOS="2618" WIDTH="70" HEIGHT="22" CONTENT="new" WC="1.00" CC="001"/>
						<SP ID="P2_SP00279" HPOS="815" VPOS="2651" WIDTH="26"/>
						<String ID="P2_ST00321" HPOS="841" VPOS="2607" WIDTH="238" HEIGHT="39" CONTENT="anti-cheating" WC="1.00" CC="0000100000000"/>
						<SP ID="P2_SP00280" HPOS="1079" VPOS="2651" WIDTH="26"/>
						<String ID="P2_ST00322" HPOS="1105" VPOS="2617" WIDTH="166" HEIGHT="23" CONTENT="measures" WC="1.00" CC="00000000"/>
						<SP ID="P2_SP00281" HPOS="1271" VPOS="2651" WIDTH="27"/>
						<String ID="P2_ST00323" HPOS="1298" VPOS="2607" WIDTH="118" HEIGHT="32" CONTENT="invade" WC="1.00" CC="000000"/>
					</TextLine>
					<TextLine ID="P2_TL00043" HPOS="260" VPOS="2652" WIDTH="1154" HEIGHT="44">
						<String ID="P2_ST00324" HPOS="260" VPOS="2657" WIDTH="83" HEIGHT="32" CONTENT="their" WC="1.00" CC="00000"/>
						<SP ID="P2_SP00282" HPOS="343" VPOS="2689" WIDTH="19"/>
						<String ID="P2_ST00325" HPOS="362" VPOS="2657" WIDTH="134" HEIGHT="39" CONTENT="privacy" WC="1.00" CC="0000000"/>
						<SP ID="P2_SP00283" HPOS="496" VPOS="2696" WIDTH="18"/>
						<String ID="P2_ST00326" HPOS="514" VPOS="2656" WIDTH="67" HEIGHT="32" CONTENT="and" WC="1.00" CC="100"/>
						<SP ID="P2_SP00284" HPOS="581" VPOS="2696" WIDTH="19"/>
						<String ID="P2_ST00327" HPOS="600" VPOS="2656" WIDTH="77" HEIGHT="32" CONTENT="hurt" WC="1.00" CC="0000"/>
						<SP ID="P2_SP00285" HPOS="677" VPOS="2696" WIDTH="18"/>
						<String ID="P2_ST00328" HPOS="695" VPOS="2654" WIDTH="84" HEIGHT="33" CONTENT="their" WC="1.00" CC="00000"/>
						<SP ID="P2_SP00286" HPOS="779" VPOS="2696" WIDTH="16"/>
						<String ID="P2_ST00329" HPOS="795" VPOS="2654" WIDTH="117" HEIGHT="39" CONTENT="grades" WC="1.00" CC="000000"/>
						<SP ID="P2_SP00287" HPOS="912" VPOS="2696" WIDTH="19"/>
						<String ID="P2_ST00330" HPOS="931" VPOS="2654" WIDTH="43" HEIGHT="38" CONTENT="by" WC="1.00" CC="00"/>
						<SP ID="P2_SP00288" HPOS="974" VPOS="2696" WIDTH="17"/>
						<String ID="P2_ST00331" HPOS="991" VPOS="2653" WIDTH="183" HEIGHT="39" CONTENT="increasing" WC="1.00" CC="0000000000"/>
						<SP ID="P2_SP00289" HPOS="1174" VPOS="2696" WIDTH="18"/>
						<String ID="P2_ST00332" HPOS="1192" VPOS="2657" WIDTH="61" HEIGHT="27" CONTENT="test" WC="1.00" CC="0000"/>
						<SP ID="P2_SP00290" HPOS="1253" VPOS="2696" WIDTH="17"/>
						<String ID="P2_ST00333" HPOS="1270" VPOS="2652" WIDTH="144" HEIGHT="39" CONTENT="anxiety." WC="1.00" CC="00100001"/>
					</TextLine>
					<TextLine ID="P2_TL00044" HPOS="259" VPOS="2698" WIDTH="1157" HEIGHT="41">
						<String ID="P2_ST00334" HPOS="259" VPOS="2703" WIDTH="106" HEIGHT="32" CONTENT="These" WC="1.00" CC="00000"/>
						<SP ID="P2_SP00291" HPOS="365" VPOS="2735" WIDTH="25"/>
						<String ID="P2_ST00335" HPOS="390" VPOS="2711" WIDTH="168" HEIGHT="24" CONTENT="measures" WC="1.00" CC="00010000"/>
						<SP ID="P2_SP00292" HPOS="558" VPOS="2735" WIDTH="26"/>
						<String ID="P2_ST00336" HPOS="584" VPOS="2701" WIDTH="133" HEIGHT="32" CONTENT="include" WC="1.00" CC="0000010"/>
						<SP ID="P2_SP00293" HPOS="717" VPOS="2735" WIDTH="24"/>
						<String ID="P2_ST00337" HPOS="741" VPOS="2700" WIDTH="99" HEIGHT="32" CONTENT="video" WC="1.00" CC="00000"/>
						<SP ID="P2_SP00294" HPOS="840" VPOS="2735" WIDTH="24"/>
						<String ID="P2_ST00338" HPOS="864" VPOS="2699" WIDTH="115" HEIGHT="40" CONTENT="taping" WC="1.00" CC="000000"/>
						<SP ID="P2_SP00295" HPOS="979" VPOS="2739" WIDTH="26"/>
						<String ID="P2_ST00339" HPOS="1005" VPOS="2699" WIDTH="33" HEIGHT="31" CONTENT="in" WC="1.00" CC="00"/>
						<SP ID="P2_SP00296" HPOS="1038" VPOS="2739" WIDTH="26"/>
						<String ID="P2_ST00340" HPOS="1064" VPOS="2699" WIDTH="121" HEIGHT="31" CONTENT="lecture" WC="1.00" CC="0001000"/>
						<SP ID="P2_SP00297" HPOS="1185" VPOS="2739" WIDTH="25"/>
						<String ID="P2_ST00341" HPOS="1210" VPOS="2707" WIDTH="114" HEIGHT="23" CONTENT="rooms" WC="1.00" CC="00010"/>
						<SP ID="P2_SP00298" HPOS="1324" VPOS="2739" WIDTH="25"/>
						<String ID="P2_ST00342" HPOS="1349" VPOS="2698" WIDTH="67" HEIGHT="32" CONTENT="and" WC="1.00" CC="000"/>
					</TextLine>
					<TextLine ID="P2_TL00045" HPOS="260" VPOS="2744" WIDTH="1156" HEIGHT="44">
						<String ID="P2_ST00343" HPOS="260" VPOS="2748" WIDTH="166" HEIGHT="40" CONTENT="requiring" WC="1.00" CC="001000000"/>
						<SP ID="P2_SP00299" HPOS="426" VPOS="2788" WIDTH="17"/>
						<String ID="P2_ST00344" HPOS="443" VPOS="2748" WIDTH="152" HEIGHT="32" CONTENT="students" WC="1.00" CC="00000000"/>
						<SP ID="P2_SP00300" HPOS="595" VPOS="2788" WIDTH="18"/>
						<String ID="P2_ST00345" HPOS="613" VPOS="2752" WIDTH="36" HEIGHT="26" CONTENT="to" WC="0.98" CC="10"/>
						<SP ID="P2_SP00301" HPOS="649" VPOS="2788" WIDTH="18"/>
						<String ID="P2_ST00346" HPOS="667" VPOS="2750" WIDTH="84" HEIGHT="28" CONTENT="state" WC="1.00" CC="00000"/>
						<SP ID="P2_SP00302" HPOS="751" VPOS="2788" WIDTH="17"/>
						<String ID="P2_ST00347" HPOS="768" VPOS="2745" WIDTH="83" HEIGHT="33" CONTENT="their" WC="1.00" CC="00000"/>
						<SP ID="P2_SP00303" HPOS="851" VPOS="2788" WIDTH="17"/>
						<String ID="P2_ST00348" HPOS="868" VPOS="2754" WIDTH="115" HEIGHT="23" CONTENT="names" WC="1.00" CC="00000"/>
						<SP ID="P2_SP00304" HPOS="983" VPOS="2788" WIDTH="17"/>
						<String ID="P2_ST00349" HPOS="1000" VPOS="2744" WIDTH="33" HEIGHT="31" CONTENT="in" WC="1.00" CC="00"/>
						<SP ID="P2_SP00305" HPOS="1033" VPOS="2788" WIDTH="18"/>
						<String ID="P2_ST00350" HPOS="1051" VPOS="2744" WIDTH="91" HEIGHT="32" CONTENT="front" WC="1.00" CC="00000"/>
						<SP ID="P2_SP00306" HPOS="1142" VPOS="2788" WIDTH="17"/>
						<String ID="P2_ST00351" HPOS="1159" VPOS="2744" WIDTH="40" HEIGHT="32" CONTENT="of" WC="1.00" CC="00"/>
						<SP ID="P2_SP00307" HPOS="1199" VPOS="2788" WIDTH="14"/>
						<String ID="P2_ST00352" HPOS="1213" VPOS="2744" WIDTH="56" HEIGHT="32" CONTENT="the" WC="1.00" CC="000"/>
						<SP ID="P2_SP00308" HPOS="1269" VPOS="2788" WIDTH="16"/>
						<String ID="P2_ST00353" HPOS="1285" VPOS="2753" WIDTH="131" HEIGHT="23" CONTENT="camera" WC="1.00" CC="001000"/>
					</TextLine>
					<TextLine ID="P2_TL00046" HPOS="259" VPOS="2791" WIDTH="563" HEIGHT="41">
						<String ID="P2_ST00354" HPOS="259" VPOS="2794" WIDTH="117" HEIGHT="33" CONTENT="before" WC="1.00" CC="001000"/>
						<SP ID="P2_SP00309" HPOS="376" VPOS="2827" WIDTH="11"/>
						<String ID="P2_ST00355" HPOS="387" VPOS="2794" WIDTH="168" HEIGHT="38" CONTENT="dropping" WC="1.00" CC="10000000"/>
						<SP ID="P2_SP00310" HPOS="555" VPOS="2832" WIDTH="12"/>
						<String ID="P2_ST00356" HPOS="567" VPOS="2793" WIDTH="58" HEIGHT="32" CONTENT="off" WC="1.00" CC="000"/>
						<SP ID="P2_SP00311" HPOS="625" VPOS="2832" WIDTH="10"/>
						<String ID="P2_ST00357" HPOS="635" VPOS="2791" WIDTH="84" HEIGHT="32" CONTENT="their" WC="1.00" CC="10000"/>
						<SP ID="P2_SP00312" HPOS="719" VPOS="2832" WIDTH="12"/>
						<String ID="P2_ST00358" HPOS="731" VPOS="2796" WIDTH="91" HEIGHT="27" CONTENT="tests." WC="1.00" CC="000000"/>
					</TextLine>
				</TextBlock>
				<TextBlock ID="P2_TB00012" HPOS="241" VPOS="2865" WIDTH="847" HEIGHT="65" STYLEREFS="TXT_1 PAR_LEFT">
					<TextLine ID="P2_TL00047" HPOS="242" VPOS="2866" WIDTH="846" HEIGHT="64">
						<String ID="P2_ST00359" HPOS="242" VPOS="2869" WIDTH="236" HEIGHT="51" CONTENT="Student" WC="1.00" CC="0100001"/>
						<SP ID="P2_SP00313" HPOS="478" VPOS="2920" WIDTH="19"/>
						<String ID="P2_ST00360" HPOS="497" VPOS="2866" WIDTH="291" HEIGHT="64" CONTENT="privileges" WC="1.00" CC="0000000000"/>
						<SP ID="P2_SP00314" HPOS="788" VPOS="2930" WIDTH="20"/>
						<String ID="P2_ST00361" HPOS="808" VPOS="2866" WIDTH="51" HEIGHT="48" CONTENT="in" WC="1.00" CC="00"/>
						<SP ID="P2_SP00315" HPOS="859" VPOS="2930" WIDTH="18"/>
						<String ID="P2_ST00362" HPOS="877" VPOS="2866" WIDTH="211" HEIGHT="61" CONTENT="danger" WC="1.00" CC="000000"/>
					</TextLine>
				</TextBlock>
				<TextBlock ID="P2_TB00013" HPOS="256" VPOS="2952" WIDTH="1164" HEIGHT="633" STYLEREFS="TXT_2 PAR_BLOCK">
					<TextLine ID="P2_TL00048" HPOS="302" VPOS="2952" WIDTH="1117" HEIGHT="41">
						<String ID="P2_ST00363" HPOS="302" VPOS="2955" WIDTH="109" HEIGHT="38" CONTENT="(CPS)" WC="1.00" CC="00000"/>
						<SP ID="P2_SP00316" HPOS="411" VPOS="2993" WIDTH="18"/>
						<String ID="P2_ST00364" HPOS="429" VPOS="2973" WIDTH="40" HEIGHT="4" CONTENT="—" WC="1.00" CC="0"/>
						<SP ID="P2_SP00317" HPOS="469" VPOS="2993" WIDTH="17"/>
						<String ID="P2_ST00365" HPOS="486" VPOS="2954" WIDTH="138" HEIGHT="39" CONTENT="College" WC="1.00" CC="0000000"/>
						<SP ID="P2_SP00318" HPOS="624" VPOS="2993" WIDTH="16"/>
						<String ID="P2_ST00366" HPOS="640" VPOS="2953" WIDTH="270" HEIGHT="33" CONTENT="administrators" WC="1.00" CC="00100000000000"/>
						<SP ID="P2_SP00319" HPOS="910" VPOS="2993" WIDTH="18"/>
						<String ID="P2_ST00367" HPOS="928" VPOS="2961" WIDTH="112" HEIGHT="23" CONTENT="across" WC="1.00" CC="000001"/>
						<SP ID="P2_SP00320" HPOS="1040" VPOS="2993" WIDTH="17"/>
						<String ID="P2_ST00368" HPOS="1057" VPOS="2952" WIDTH="56" HEIGHT="31" CONTENT="the" WC="1.00" CC="000"/>
						<SP ID="P2_SP00321" HPOS="1113" VPOS="2993" WIDTH="16"/>
						<String ID="P2_ST00369" HPOS="1129" VPOS="2952" WIDTH="116" HEIGHT="32" CONTENT="nation" WC="1.00" CC="000000"/>
						<SP ID="P2_SP00322" HPOS="1245" VPOS="2993" WIDTH="18"/>
						<String ID="P2_ST00370" HPOS="1263" VPOS="2952" WIDTH="76" HEIGHT="32" CONTENT="who" WC="1.00" CC="100"/>
						<SP ID="P2_SP00323" HPOS="1339" VPOS="2993" WIDTH="18"/>
						<String ID="P2_ST00371" HPOS="1357" VPOS="2952" WIDTH="62" HEIGHT="32" CONTENT="feel" WC="1.00" CC="0010"/>
					</TextLine>
					<TextLine ID="P2_TL00049" HPOS="259" VPOS="2997" WIDTH="1161" HEIGHT="43">
						<String ID="P2_ST00372" HPOS="259" VPOS="3001" WIDTH="54" HEIGHT="31" CONTENT="the" WC="1.00" CC="100"/>
						<SP ID="P2_SP00324" HPOS="313" VPOS="3032" WIDTH="12"/>
						<String ID="P2_ST00373" HPOS="325" VPOS="3000" WIDTH="89" HEIGHT="40" CONTENT="price" WC="1.00" CC="00000"/>
						<SP ID="P2_SP00325" HPOS="414" VPOS="3040" WIDTH="11"/>
						<String ID="P2_ST00374" HPOS="425" VPOS="3000" WIDTH="42" HEIGHT="32" CONTENT="of" WC="1.00" CC="00"/>
						<SP ID="P2_SP00326" HPOS="467" VPOS="3040" WIDTH="9"/>
						<String ID="P2_ST00375" HPOS="476" VPOS="3000" WIDTH="134" HEIGHT="32" CONTENT="student" WC="1.00" CC="0001001"/>
						<SP ID="P2_SP00327" HPOS="610" VPOS="3040" WIDTH="15"/>
						<String ID="P2_ST00376" HPOS="625" VPOS="2999" WIDTH="153" HEIGHT="32" CONTENT="freedom" WC="1.00" CC="0000000"/>
						<SP ID="P2_SP00328" HPOS="778" VPOS="3040" WIDTH="13"/>
						<String ID="P2_ST00377" HPOS="791" VPOS="2998" WIDTH="26" HEIGHT="33" CONTENT="is" WC="1.00" CC="00"/>
						<SP ID="P2_SP00329" HPOS="817" VPOS="3040" WIDTH="13"/>
						<String ID="P2_ST00378" HPOS="830" VPOS="3004" WIDTH="60" HEIGHT="26" CONTENT="too" WC="1.00" CC="000"/>
						<SP ID="P2_SP00330" HPOS="890" VPOS="3040" WIDTH="14"/>
						<String ID="P2_ST00379" HPOS="904" VPOS="2998" WIDTH="78" HEIGHT="39" CONTENT="high" WC="1.00" CC="0000"/>
						<SP ID="P2_SP00331" HPOS="982" VPOS="3040" WIDTH="13"/>
						<String ID="P2_ST00380" HPOS="995" VPOS="3007" WIDTH="55" HEIGHT="23" CONTENT="are" WC="1.00" CC="000"/>
						<SP ID="P2_SP00332" HPOS="1050" VPOS="3040" WIDTH="13"/>
						<String ID="P2_ST00381" HPOS="1063" VPOS="2997" WIDTH="152" HEIGHT="39" CONTENT="bringing" WC="1.00" CC="00000000"/>
						<SP ID="P2_SP00333" HPOS="1215" VPOS="3040" WIDTH="14"/>
						<String ID="P2_ST00382" HPOS="1229" VPOS="2998" WIDTH="85" HEIGHT="31" CONTENT="back" WC="1.00" CC="0001"/>
						<SP ID="P2_SP00334" HPOS="1314" VPOS="3040" WIDTH="12"/>
						<String ID="P2_ST00383" HPOS="1326" VPOS="3007" WIDTH="94" HEIGHT="22" CONTENT="some" WC="1.00" CC="0010"/>
					</TextLine>
					<TextLine ID="P2_TL00050" HPOS="258" VPOS="3043" WIDTH="1159" HEIGHT="42">
						<String ID="P2_ST00384" HPOS="258" VPOS="3047" WIDTH="40" HEIGHT="31" CONTENT="of" WC="1.00" CC="00"/>
						<SP ID="P2_SP00335" HPOS="298" VPOS="3078" WIDTH="28"/>
						<String ID="P2_ST00385" HPOS="326" VPOS="3047" WIDTH="55" HEIGHT="32" CONTENT="the" WC="1.00" CC="000"/>
						<SP ID="P2_SP00336" HPOS="381" VPOS="3079" WIDTH="34"/>
						<String ID="P2_ST00386" HPOS="415" VPOS="3046" WIDTH="196" HEIGHT="39" CONTENT="19605-style" WC="1.00" CC="00001000000"/>
						<SP ID="P2_SP00337" HPOS="611" VPOS="3085" WIDTH="30"/>
						<String ID="P2_ST00387" HPOS="641" VPOS="3045" WIDTH="205" HEIGHT="32" CONTENT="restrictions" WC="1.00" CC="000100000000"/>
						<SP ID="P2_SP00338" HPOS="846" VPOS="3085" WIDTH="30"/>
						<String ID="P2_ST00388" HPOS="876" VPOS="3053" WIDTH="46" HEIGHT="23" CONTENT="on" WC="1.00" CC="00"/>
						<SP ID="P2_SP00339" HPOS="922" VPOS="3085" WIDTH="31"/>
						<String ID="P2_ST00389" HPOS="953" VPOS="3043" WIDTH="156" HEIGHT="38" CONTENT="drinking" WC="1.00" CC="00000000"/>
						<SP ID="P2_SP00340" HPOS="1109" VPOS="3085" WIDTH="30"/>
						<String ID="P2_ST00390" HPOS="1139" VPOS="3043" WIDTH="66" HEIGHT="32" CONTENT="and" WC="1.00" CC="000"/>
						<SP ID="P2_SP00341" HPOS="1205" VPOS="3085" WIDTH="32"/>
						<String ID="P2_ST00391" HPOS="1237" VPOS="3043" WIDTH="180" HEIGHT="32" CONTENT="visitation." WC="1.00" CC="00000000001"/>
					</TextLine>
					<TextLine ID="P2_TL00051" HPOS="260" VPOS="3088" WIDTH="1159" HEIGHT="43">
						<String ID="P2_ST00392" HPOS="260" VPOS="3092" WIDTH="159" HEIGHT="32" CONTENT="Lawsuits" WC="1.00" CC="00000001"/>
						<SP ID="P2_SP00342" HPOS="419" VPOS="3124" WIDTH="34"/>
						<String ID="P2_ST00393" HPOS="453" VPOS="3092" WIDTH="177" HEIGHT="39" CONTENT="stemming" WC="1.00" CC="00011000"/>
						<SP ID="P2_SP00343" HPOS="630" VPOS="3131" WIDTH="37"/>
						<String ID="P2_ST00394" HPOS="667" VPOS="3091" WIDTH="89" HEIGHT="32" CONTENT="from" WC="1.00" CC="0000"/>
						<SP ID="P2_SP00344" HPOS="756" VPOS="3131" WIDTH="35"/>
						<String ID="P2_ST00395" HPOS="791" VPOS="3090" WIDTH="169" HEIGHT="38" CONTENT="underage" WC="1.00" CC="00000001"/>
						<SP ID="P2_SP00345" HPOS="960" VPOS="3131" WIDTH="34"/>
						<String ID="P2_ST00396" HPOS="994" VPOS="3088" WIDTH="155" HEIGHT="39" CONTENT="drinking" WC="1.00" CC="00000000"/>
						<SP ID="P2_SP00346" HPOS="1149" VPOS="3131" WIDTH="33"/>
						<String ID="P2_ST00397" HPOS="1182" VPOS="3088" WIDTH="67" HEIGHT="32" CONTENT="and" WC="1.00" CC="000"/>
						<SP ID="P2_SP00347" HPOS="1249" VPOS="3131" WIDTH="35"/>
						<String ID="P2_ST00398" HPOS="1284" VPOS="3088" WIDTH="135" HEIGHT="39" CONTENT="injuries" WC="1.00" CC="00000000"/>
					</TextLine>
					<TextLine ID="P2_TL00052" HPOS="259" VPOS="3134" WIDTH="1160" HEIGHT="43">
						<String ID="P2_ST00399" HPOS="259" VPOS="3138" WIDTH="148" HEIGHT="32" CONTENT="suffered" WC="1.00" CC="00000000"/>
						<SP ID="P2_SP00348" HPOS="407" VPOS="3170" WIDTH="14"/>
						<String ID="P2_ST00400" HPOS="421" VPOS="3144" WIDTH="33" HEIGHT="26" CONTENT="at" WC="1.00" CC="00"/>
						<SP ID="P2_SP00349" HPOS="454" VPOS="3170" WIDTH="17"/>
						<String ID="P2_ST00401" HPOS="471" VPOS="3138" WIDTH="175" HEIGHT="39" CONTENT="fraternity" WC="1.00" CC="0001000100"/>
						<SP ID="P2_SP00350" HPOS="646" VPOS="3177" WIDTH="14"/>
						<String ID="P2_ST00402" HPOS="660" VPOS="3138" WIDTH="123" HEIGHT="32" CONTENT="houses" WC="1.00" CC="000000"/>
						<SP ID="P2_SP00351" HPOS="783" VPOS="3177" WIDTH="15"/>
						<String ID="P2_ST00403" HPOS="798" VPOS="3146" WIDTH="56" HEIGHT="23" CONTENT="are" WC="1.00" CC="000"/>
						<SP ID="P2_SP00352" HPOS="854" VPOS="3177" WIDTH="13"/>
						<String ID="P2_ST00404" HPOS="867" VPOS="3135" WIDTH="141" HEIGHT="40" CONTENT="dipping" WC="1.00" CC="0110000"/>
						<SP ID="P2_SP00353" HPOS="1008" VPOS="3177" WIDTH="14"/>
						<String ID="P2_ST00405" HPOS="1022" VPOS="3135" WIDTH="72" HEIGHT="32" CONTENT="into" WC="1.00" CC="0010"/>
						<SP ID="P2_SP00354" HPOS="1094" VPOS="3177" WIDTH="15"/>
						<String ID="P2_ST00406" HPOS="1109" VPOS="3135" WIDTH="229" HEIGHT="32" CONTENT="endowments" WC="1.00" CC="0000110000"/>
						<SP ID="P2_SP00355" HPOS="1338" VPOS="3177" WIDTH="15"/>
						<String ID="P2_ST00407" HPOS="1353" VPOS="3134" WIDTH="66" HEIGHT="32" CONTENT="and" WC="1.00" CC="000"/>
					</TextLine>
					<TextLine ID="P2_TL00053" HPOS="259" VPOS="3181" WIDTH="751" HEIGHT="42">
						<String ID="P2_ST00408" HPOS="259" VPOS="3184" WIDTH="136" HEIGHT="39" CONTENT="sending" WC="1.00" CC="0000100"/>
						<SP ID="P2_SP00356" HPOS="395" VPOS="3223" WIDTH="12"/>
						<String ID="P2_ST00409" HPOS="407" VPOS="3184" WIDTH="174" HEIGHT="32" CONTENT="insurance" WC="1.00" CC="100000000"/>
						<SP ID="P2_SP00357" HPOS="581" VPOS="3223" WIDTH="12"/>
						<String ID="P2_ST00410" HPOS="593" VPOS="3189" WIDTH="86" HEIGHT="27" CONTENT="rates" WC="1.00" CC="00000"/>
						<SP ID="P2_SP00358" HPOS="679" VPOS="3223" WIDTH="13"/>
						<String ID="P2_ST00411" HPOS="692" VPOS="3182" WIDTH="147" HEIGHT="40" CONTENT="through" WC="1.00" CC="0000000"/>
						<SP ID="P2_SP00359" HPOS="839" VPOS="3223" WIDTH="12"/>
						<String ID="P2_ST00412" HPOS="851" VPOS="3182" WIDTH="56" HEIGHT="32" CONTENT="the" WC="1.00" CC="000"/>
						<SP ID="P2_SP00360" HPOS="907" VPOS="3223" WIDTH="12"/>
						<String ID="P2_ST00413" HPOS="919" VPOS="3181" WIDTH="91" HEIGHT="33" CONTENT="roof." WC="1.00" CC="00000"/>
					</TextLine>
					<TextLine ID="P2_TL00054" HPOS="304" VPOS="3225" WIDTH="1115" HEIGHT="42">
						<String ID="P2_ST00414" HPOS="304" VPOS="3230" WIDTH="38" HEIGHT="31" CONTENT='"I' WC="0.85" CC="30"/>
						<SP ID="P2_SP00361" HPOS="342" VPOS="3261" WIDTH="17"/>
						<String ID="P2_ST00415" HPOS="359" VPOS="3239" WIDTH="53" HEIGHT="23" CONTENT="am" WC="0.94" CC="01"/>
						<SP ID="P2_SP00362" HPOS="412" VPOS="3262" WIDTH="17"/>
						<String ID="P2_ST00416" HPOS="429" VPOS="3230" WIDTH="140" HEIGHT="33" CONTENT="worried" WC="1.00" CC="0000000"/>
						<SP ID="P2_SP00363" HPOS="569" VPOS="3263" WIDTH="16"/>
						<String ID="P2_ST00417" HPOS="585" VPOS="3230" WIDTH="71" HEIGHT="32" CONTENT="that" WC="1.00" CC="0001"/>
						<SP ID="P2_SP00364" HPOS="656" VPOS="3263" WIDTH="17"/>
						<String ID="P2_ST00418" HPOS="673" VPOS="3239" WIDTH="94" HEIGHT="23" CONTENT="some" WC="1.00" CC="0000"/>
						<SP ID="P2_SP00365" HPOS="767" VPOS="3263" WIDTH="15"/>
						<String ID="P2_ST00419" HPOS="782" VPOS="3229" WIDTH="41" HEIGHT="32" CONTENT="of" WC="1.00" CC="00"/>
						<SP ID="P2_SP00366" HPOS="823" VPOS="3263" WIDTH="14"/>
						<String ID="P2_ST00420" HPOS="837" VPOS="3229" WIDTH="55" HEIGHT="31" CONTENT="the" WC="1.00" CC="000"/>
						<SP ID="P2_SP00367" HPOS="892" VPOS="3263" WIDTH="15"/>
						<String ID="P2_ST00421" HPOS="907" VPOS="3229" WIDTH="33" HEIGHT="31" CONTENT="in" WC="1.00" CC="00" STYLEREFS="TXT_4"/>
						<SP ID="P2_SP00368" HPOS="940" VPOS="3263" WIDTH="16"/>
						<String ID="P2_ST00422" HPOS="956" VPOS="3228" WIDTH="77" HEIGHT="31" CONTENT="loco" WC="1.00" CC="1000" STYLEREFS="TXT_4"/>
						<SP ID="P2_SP00369" HPOS="1033" VPOS="3263" WIDTH="11"/>
						<String ID="P2_ST00423" HPOS="1044" VPOS="3231" WIDTH="123" HEIGHT="36" CONTENT="parent" WC="1.00" CC="111012" STYLEREFS="TXT_4"/>
						<SP ID="P2_SP00370" HPOS="1167" VPOS="3267" WIDTH="2"/>
						<String ID="P2_ST00424" HPOS="1169" VPOS="3227" WIDTH="28" HEIGHT="31" CONTENT="is" WC="0.98" CC="01" STYLEREFS="TXT_4"/>
						<SP ID="P2_SP00371" HPOS="1197" VPOS="3267" WIDTH="13"/>
						<String ID="P2_ST00425" HPOS="1210" VPOS="3226" WIDTH="42" HEIGHT="32" CONTENT="of" WC="1.00" CC="00"/>
						<SP ID="P2_SP00372" HPOS="1252" VPOS="3267" WIDTH="13"/>
						<String ID="P2_ST00426" HPOS="1265" VPOS="3226" WIDTH="55" HEIGHT="32" CONTENT="the" WC="1.00" CC="000"/>
						<SP ID="P2_SP00373" HPOS="1320" VPOS="3267" WIDTH="16"/>
						<String ID="P2_ST00427" HPOS="1336" VPOS="3225" WIDTH="63" HEIGHT="33" CONTENT="mid" SUBS_TYPE="HypPart1" SUBS_CONTENT="mid-1960s" WC="1.00" CC="000"/>
						<HYP HPOS="1399" VPOS="3225" WIDTH="20" CONTENT="-"/>
					</TextLine>
					<TextLine ID="P2_TL00055" HPOS="265" VPOS="3272" WIDTH="1155" HEIGHT="43">
						<String ID="P2_ST00428" HPOS="265" VPOS="3275" WIDTH="94" HEIGHT="32" CONTENT="-1960s" SUBS_TYPE="HypPart2" SUBS_CONTENT="mid-1960s" WC="1.00" CC="000000"/>
						<SP ID="P2_SP00374" HPOS="359" VPOS="3307" WIDTH="16"/>
						<String ID="P2_ST00429" HPOS="375" VPOS="3276" WIDTH="65" HEIGHT="32" CONTENT="and" WC="1.00" CC="000"/>
						<SP ID="P2_SP00375" HPOS="440" VPOS="3308" WIDTH="17"/>
						<String ID="P2_ST00430" HPOS="457" VPOS="3277" WIDTH="117" HEIGHT="31" CONTENT="before" WC="1.00" CC="000000"/>
						<SP ID="P2_SP00376" HPOS="574" VPOS="3308" WIDTH="17"/>
						<String ID="P2_ST00431" HPOS="591" VPOS="3285" WIDTH="77" HEIGHT="30" CONTENT="may" WC="1.00" CC="000"/>
						<SP ID="P2_SP00377" HPOS="668" VPOS="3315" WIDTH="17"/>
						<String ID="P2_ST00432" HPOS="685" VPOS="3276" WIDTH="40" HEIGHT="32" CONTENT="be" WC="1.00" CC="00"/>
						<SP ID="P2_SP00378" HPOS="725" VPOS="3315" WIDTH="17"/>
						<String ID="P2_ST00433" HPOS="742" VPOS="3275" WIDTH="134" HEIGHT="39" CONTENT="coming" WC="1.00" CC="000000"/>
						<SP ID="P2_SP00379" HPOS="876" VPOS="3315" WIDTH="18"/>
						<String ID="P2_ST00434" HPOS="894" VPOS="3274" WIDTH="127" HEIGHT="38" CONTENT='back,"' WC="1.00" CC="000110"/>
						<SP ID="P2_SP00380" HPOS="1021" VPOS="3315" WIDTH="20"/>
						<String ID="P2_ST00435" HPOS="1041" VPOS="3274" WIDTH="71" HEIGHT="32" CONTENT="said" WC="1.00" CC="0000"/>
						<SP ID="P2_SP00381" HPOS="1112" VPOS="3315" WIDTH="18"/>
						<String ID="P2_ST00436" HPOS="1130" VPOS="3273" WIDTH="125" HEIGHT="33" CONTENT="Cecilia" WC="1.00" CC="0000000"/>
						<SP ID="P2_SP00382" HPOS="1255" VPOS="3315" WIDTH="18"/>
						<String ID="P2_ST00437" HPOS="1273" VPOS="3273" WIDTH="90" HEIGHT="32" CONTENT="Ham" WC="1.00" CC="000"/>
						<SP ID="P2_SP00383" HPOS="1363" VPOS="3315" WIDTH="17"/>
						<String ID="P2_ST00438" HPOS="1380" VPOS="3272" WIDTH="40" HEIGHT="32" CONTENT="of" WC="1.00" CC="00"/>
					</TextLine>
					<TextLine ID="P2_TL00056" HPOS="260" VPOS="3319" WIDTH="1158" HEIGHT="39">
						<String ID="P2_ST00439" HPOS="260" VPOS="3320" WIDTH="55" HEIGHT="32" CONTENT="the" WC="1.00" CC="001"/>
						<SP ID="P2_SP00384" HPOS="315" VPOS="3352" WIDTH="23"/>
						<String ID="P2_ST00440" HPOS="338" VPOS="3321" WIDTH="120" HEIGHT="32" CONTENT="United" WC="1.00" CC="100000"/>
						<SP ID="P2_SP00385" HPOS="458" VPOS="3353" WIDTH="24"/>
						<String ID="P2_ST00441" HPOS="482" VPOS="3323" WIDTH="107" HEIGHT="31" CONTENT="States" WC="1.00" CC="000000"/>
						<SP ID="P2_SP00386" HPOS="589" VPOS="3354" WIDTH="24"/>
						<String ID="P2_ST00442" HPOS="613" VPOS="3323" WIDTH="140" HEIGHT="32" CONTENT="Student" WC="1.00" CC="0000000"/>
						<SP ID="P2_SP00387" HPOS="753" VPOS="3355" WIDTH="25"/>
						<String ID="P2_ST00443" HPOS="778" VPOS="3320" WIDTH="229" HEIGHT="37" CONTENT="Association," WC="1.00" CC="020000000001"/>
						<SP ID="P2_SP00388" HPOS="1007" VPOS="3357" WIDTH="25"/>
						<String ID="P2_ST00444" HPOS="1032" VPOS="3330" WIDTH="20" HEIGHT="22" CONTENT="a" WC="1.00" CC="0"/>
						<SP ID="P2_SP00389" HPOS="1052" VPOS="3357" WIDTH="24"/>
						<String ID="P2_ST00445" HPOS="1076" VPOS="3319" WIDTH="342" HEIGHT="39" CONTENT="Washington-based" WC="1.00" CC="0000000000100000"/>
					</TextLine>
					<TextLine ID="P2_TL00057" HPOS="260" VPOS="3366" WIDTH="375" HEIGHT="41">
						<String ID="P2_ST00446" HPOS="260" VPOS="3366" WIDTH="132" HEIGHT="33" CONTENT="student" WC="1.00" CC="0000000"/>
						<SP ID="P2_SP00390" HPOS="392" VPOS="3399" WIDTH="11"/>
						<String ID="P2_ST00447" HPOS="403" VPOS="3367" WIDTH="102" HEIGHT="40" CONTENT="lobby" WC="1.00" CC="00000"/>
						<SP ID="P2_SP00391" HPOS="505" VPOS="3407" WIDTH="11"/>
						<String ID="P2_ST00448" HPOS="516" VPOS="3378" WIDTH="119" HEIGHT="29" CONTENT="group." WC="1.00" CC="000000"/>
					</TextLine>
					<TextLine ID="P2_TL00058" HPOS="303" VPOS="3411" WIDTH="1113" HEIGHT="42">
						<String ID="P2_ST00449" HPOS="303" VPOS="3412" WIDTH="39" HEIGHT="31" CONTENT="In" WC="0.91" CC="21" STYLEREFS="TXT_4"/>
						<SP ID="P2_SP00392" HPOS="342" VPOS="3443" WIDTH="18"/>
						<String ID="P2_ST00450" HPOS="360" VPOS="3412" WIDTH="74" HEIGHT="32" CONTENT="loco" WC="1.00" CC="0000" STYLEREFS="TXT_4"/>
						<SP ID="P2_SP00393" HPOS="434" VPOS="3444" WIDTH="13"/>
						<String ID="P2_ST00451" HPOS="447" VPOS="3415" WIDTH="161" HEIGHT="37" CONTENT="parentis," WC="0.93" CC="101011111" STYLEREFS="TXT_4"/>
						<SP ID="P2_SP00394" HPOS="608" VPOS="3452" WIDTH="21"/>
						<String ID="P2_ST00452" HPOS="629" VPOS="3414" WIDTH="155" HEIGHT="39" CONTENT="meaning" WC="1.00" CC="1000100"/>
						<SP ID="P2_SP00395" HPOS="784" VPOS="3453" WIDTH="17"/>
						<String ID="P2_ST00453" HPOS="801" VPOS="3424" WIDTH="20" HEIGHT="22" CONTENT="a" WC="1.00" CC="0"/>
						<SP ID="P2_SP00396" HPOS="821" VPOS="3453" WIDTH="17"/>
						<String ID="P2_ST00454" HPOS="838" VPOS="3414" WIDTH="126" HEIGHT="38" CONTENT="college" WC="1.00" CC="0011000"/>
						<SP ID="P2_SP00397" HPOS="964" VPOS="3453" WIDTH="18"/>
						<String ID="P2_ST00455" HPOS="982" VPOS="3413" WIDTH="59" HEIGHT="33" CONTENT="has" WC="1.00" CC="000"/>
						<SP ID="P2_SP00398" HPOS="1041" VPOS="3453" WIDTH="19"/>
						<String ID="P2_ST00456" HPOS="1060" VPOS="3412" WIDTH="83" HEIGHT="39" CONTENT="legal" WC="1.00" CC="00000"/>
						<SP ID="P2_SP00399" HPOS="1143" VPOS="3453" WIDTH="17"/>
						<String ID="P2_ST00457" HPOS="1160" VPOS="3411" WIDTH="204" HEIGHT="40" CONTENT="obligations" WC="1.00" CC="00010000000"/>
						<SP ID="P2_SP00400" HPOS="1364" VPOS="3453" WIDTH="19"/>
						<String ID="P2_ST00458" HPOS="1383" VPOS="3411" WIDTH="33" HEIGHT="32" CONTENT="in" WC="0.98" CC="10"/>
					</TextLine>
					<TextLine ID="P2_TL00059" HPOS="257" VPOS="3457" WIDTH="1160" HEIGHT="42">
						<String ID="P2_ST00459" HPOS="257" VPOS="3459" WIDTH="98" HEIGHT="40" CONTENT="place" WC="1.00" CC="00001"/>
						<SP ID="P2_SP00401" HPOS="355" VPOS="3499" WIDTH="15"/>
						<String ID="P2_ST00460" HPOS="370" VPOS="3458" WIDTH="40" HEIGHT="31" CONTENT="of" WC="1.00" CC="00"/>
						<SP ID="P2_SP00402" HPOS="410" VPOS="3499" WIDTH="13"/>
						<String ID="P2_ST00461" HPOS="423" VPOS="3459" WIDTH="54" HEIGHT="31" CONTENT="the" WC="1.00" CC="100"/>
						<SP ID="P2_SP00403" HPOS="477" VPOS="3499" WIDTH="17"/>
						<String ID="P2_ST00462" HPOS="494" VPOS="3466" WIDTH="131" HEIGHT="32" CONTENT="parents" WC="1.00" CC="0000000"/>
						<SP ID="P2_SP00404" HPOS="625" VPOS="3499" WIDTH="17"/>
						<String ID="P2_ST00463" HPOS="642" VPOS="3461" WIDTH="97" HEIGHT="32" CONTENT="while" WC="1.00" CC="10010"/>
						<SP ID="P2_SP00405" HPOS="739" VPOS="3499" WIDTH="16"/>
						<String ID="P2_ST00464" HPOS="755" VPOS="3460" WIDTH="56" HEIGHT="32" CONTENT="the" WC="1.00" CC="000"/>
						<SP ID="P2_SP00406" HPOS="811" VPOS="3499" WIDTH="16"/>
						<String ID="P2_ST00465" HPOS="827" VPOS="3460" WIDTH="134" HEIGHT="32" CONTENT="student" WC="1.00" CC="1000001"/>
						<SP ID="P2_SP00407" HPOS="961" VPOS="3499" WIDTH="17"/>
						<String ID="P2_ST00466" HPOS="978" VPOS="3459" WIDTH="132" HEIGHT="32" CONTENT="attends" WC="1.00" CC="0100001"/>
						<SP ID="P2_SP00408" HPOS="1110" VPOS="3499" WIDTH="17"/>
						<String ID="P2_ST00467" HPOS="1127" VPOS="3457" WIDTH="131" HEIGHT="38" CONTENT="school," WC="1.00" CC="1000010"/>
						<SP ID="P2_SP00409" HPOS="1258" VPOS="3499" WIDTH="19"/>
						<String ID="P2_ST00468" HPOS="1277" VPOS="3468" WIDTH="66" HEIGHT="22" CONTENT="was" WC="1.00" CC="001"/>
						<SP ID="P2_SP00410" HPOS="1343" VPOS="3499" WIDTH="18"/>
						<String ID="P2_ST00469" HPOS="1361" VPOS="3457" WIDTH="56" HEIGHT="33" CONTENT="the" WC="1.00" CC="000"/>
					</TextLine>
					<TextLine ID="P2_TL00060" HPOS="257" VPOS="3502" WIDTH="1158" HEIGHT="43">
						<String ID="P2_ST00470" HPOS="257" VPOS="3502" WIDTH="166" HEIGHT="37" CONTENT="rationale" WC="1.00" CC="001100100"/>
						<SP ID="P2_SP00411" HPOS="423" VPOS="3539" WIDTH="13"/>
						<String ID="P2_ST00471" HPOS="436" VPOS="3504" WIDTH="52" HEIGHT="31" CONTENT="for" WC="1.00" CC="000"/>
						<SP ID="P2_SP00412" HPOS="488" VPOS="3539" WIDTH="14"/>
						<String ID="P2_ST00472" HPOS="502" VPOS="3506" WIDTH="88" HEIGHT="32" CONTENT="strict" WC="1.00" CC="000001"/>
						<SP ID="P2_SP00413" HPOS="590" VPOS="3539" WIDTH="12"/>
						<String ID="P2_ST00473" HPOS="602" VPOS="3516" WIDTH="139" HEIGHT="29" CONTENT="campus" WC="1.00" CC="001001"/>
						<SP ID="P2_SP00414" HPOS="741" VPOS="3545" WIDTH="12"/>
						<String ID="P2_ST00474" HPOS="753" VPOS="3506" WIDTH="131" HEIGHT="32" CONTENT="control" WC="1.00" CC="0000000"/>
						<SP ID="P2_SP00415" HPOS="884" VPOS="3545" WIDTH="14"/>
						<String ID="P2_ST00475" HPOS="898" VPOS="3506" WIDTH="41" HEIGHT="32" CONTENT="of" WC="1.00" CC="00"/>
						<SP ID="P2_SP00416" HPOS="939" VPOS="3545" WIDTH="11"/>
						<String ID="P2_ST00476" HPOS="950" VPOS="3505" WIDTH="132" HEIGHT="32" CONTENT="student" WC="1.00" CC="0000001"/>
						<SP ID="P2_SP00417" HPOS="1082" VPOS="3545" WIDTH="14"/>
						<String ID="P2_ST00477" HPOS="1096" VPOS="3504" WIDTH="161" HEIGHT="33" CONTENT="behavior" WC="1.00" CC="00000100"/>
						<SP ID="P2_SP00418" HPOS="1257" VPOS="3545" WIDTH="13"/>
						<String ID="P2_ST00478" HPOS="1270" VPOS="3504" WIDTH="145" HEIGHT="38" CONTENT="through" WC="1.00" CC="0000000"/>
					</TextLine>
					<TextLine ID="P2_TL00061" HPOS="256" VPOS="3549" WIDTH="184" HEIGHT="35">
						<String ID="P2_ST00479" HPOS="256" VPOS="3552" WIDTH="56" HEIGHT="32" CONTENT="the" WC="1.00" CC="000"/>
						<SP ID="P2_SP00419" HPOS="312" VPOS="3584" WIDTH="17"/>
						<String ID="P2_ST00480" HPOS="329" VPOS="3549" WIDTH="111" HEIGHT="34" CONTENT="19505." WC="1.00" CC="101011"/>
					</TextLine>
				</TextBlock>
				<TextBlock ID="P2_TB00014" HPOS="225" VPOS="62" WIDTH="138" HEIGHT="34" STYLEREFS="TXT_5 PAR_LEFT">
					<TextLine ID="P2_TL00062" HPOS="225" VPOS="62" WIDTH="138" HEIGHT="33">
						<String ID="P2_ST00481" HPOS="225" VPOS="62" WIDTH="138" HEIGHT="33" CONTENT="2" WC="1.00" CC="0"/>
					</TextLine>
				</TextBlock>
				<TextBlock ID="P2_TB00015" HPOS="1353" VPOS="66" WIDTH="273" HEIGHT="36" STYLEREFS="TXT_6 PAR_CENTER">
					<TextLine ID="P2_TL00063" HPOS="1353" VPOS="66" WIDTH="273" HEIGHT="36">
						<String ID="P2_ST00482" HPOS="1353" VPOS="67" WIDTH="63" HEIGHT="35" CONTENT="gtf;" WC="0.46" CC="5663"/>
						<SP ID="P2_SP00420" HPOS="1416" VPOS="102" WIDTH="11"/>
						<String ID="P2_ST00483" HPOS="1427" VPOS="66" WIDTH="199" HEIGHT="28" CONTENT="MAROOiV" WC="0.86" CC="3111131"/>
					</TextLine>
				</TextBlock>
				<TextBlock ID="P2_TB00016" HPOS="2363" VPOS="69" WIDTH="365" HEIGHT="34" STYLEREFS="TXT_7 PAR_RIGHT">
					<TextLine ID="P2_TL00064" HPOS="2363" VPOS="69" WIDTH="365" HEIGHT="34">
						<String ID="P2_ST00484" HPOS="2363" VPOS="69" WIDTH="203" HEIGHT="34" CONTENT="February" WC="0.99" CC="25001105"/>
						<SP ID="P2_SP00421" HPOS="2566" VPOS="103" WIDTH="13"/>
						<String ID="P2_ST00485" HPOS="2579" VPOS="70" WIDTH="149" HEIGHT="30" CONTENT="7,1986" WC="0.81" CC="140142"/>
					</TextLine>
				</TextBlock>
				<ComposedBlock ID="P2_CB00001" HPOS="1517" VPOS="154" WIDTH="1218" HEIGHT="1698" TYPE="Advertisement">
					<TextBlock ID="P2_TB00017" HPOS="1517" VPOS="154" WIDTH="1218" HEIGHT="1698" STYLEREFS="TXT_8 PAR_LEFT">
						<TextLine ID="P2_TL00065" HPOS="1863" VPOS="302" WIDTH="523" HEIGHT="96">
							<String ID="P2_ST00486" HPOS="1863" VPOS="302" WIDTH="523" HEIGHT="96" CONTENT="INSTANT" WC="1.00" CC="0100000" STYLEREFS="TXT_9"/>
						</TextLine>
						<TextLine ID="P2_TL00066" HPOS="1525" VPOS="434" WIDTH="1192" HEIGHT="102">
							<String ID="P2_ST00487" HPOS="1525" VPOS="434" WIDTH="633" HEIGHT="97" CONTENT="PASSPORT" WC="1.00" CC="11001010" STYLEREFS="TXT_10"/>
							<SP ID="P2_SP00422" HPOS="2158" VPOS="531" WIDTH="47"/>
							<String ID="P2_ST00488" HPOS="2205" VPOS="437" WIDTH="512" HEIGHT="99" CONTENT="PHOTOS" WC="1.00" CC="100000" STYLEREFS="TXT_10"/>
						</TextLine>
						<TextLine ID="P2_TL00067" HPOS="1579" VPOS="749" WIDTH="807" HEIGHT="74">
							<String ID="P2_ST00489" HPOS="1579" VPOS="749" WIDTH="56" HEIGHT="55" CONTENT="•" WC="0.96" CC="1"/>
							<SP ID="P2_SP00423" HPOS="1635" VPOS="804" WIDTH="42"/>
							<String ID="P2_ST00490" HPOS="1677" VPOS="750" WIDTH="146" HEIGHT="57" CONTENT="One" WC="1.00" CC="000"/>
							<SP ID="P2_SP00424" HPOS="1823" VPOS="807" WIDTH="29"/>
							<String ID="P2_ST00491" HPOS="1852" VPOS="759" WIDTH="148" HEIGHT="63" CONTENT="stop" WC="1.00" CC="0000"/>
							<SP ID="P2_SP00425" HPOS="2000" VPOS="822" WIDTH="31"/>
							<String ID="P2_ST00492" HPOS="2031" VPOS="752" WIDTH="90" HEIGHT="56" CONTENT="for" WC="1.00" CC="000"/>
							<SP ID="P2_SP00426" HPOS="2121" VPOS="822" WIDTH="29"/>
							<String ID="P2_ST00493" HPOS="2150" VPOS="753" WIDTH="236" HEIGHT="70" CONTENT="photos" WC="1.00" CC="000100"/>
						</TextLine>
						<TextLine ID="P2_TL00068" HPOS="1576" VPOS="903" WIDTH="717" HEIGHT="58">
							<String ID="P2_ST00494" HPOS="1576" VPOS="903" WIDTH="56" HEIGHT="56" CONTENT="•" WC="0.96" CC="1"/>
							<SP ID="P2_SP00427" HPOS="1632" VPOS="959" WIDTH="48"/>
							<String ID="P2_ST00495" HPOS="1680" VPOS="906" WIDTH="396" HEIGHT="55" CONTENT="Professional" WC="1.00" CC="100100000010"/>
							<SP ID="P2_SP00428" HPOS="2076" VPOS="961" WIDTH="32"/>
							<String ID="P2_ST00496" HPOS="2108" VPOS="905" WIDTH="185" HEIGHT="56" CONTENT="Color" WC="1.00" CC="00000"/>
						</TextLine>
						<TextLine ID="P2_TL00069" HPOS="1580" VPOS="1054" WIDTH="880" HEIGHT="70">
							<String ID="P2_ST00497" HPOS="1580" VPOS="1054" WIDTH="56" HEIGHT="56" CONTENT="•" WC="0.96" CC="1"/>
							<SP ID="P2_SP00429" HPOS="1636" VPOS="1110" WIDTH="43"/>
							<String ID="P2_ST00498" HPOS="1679" VPOS="1055" WIDTH="195" HEIGHT="68" CONTENT="Quick" WC="1.00" CC="10000"/>
							<SP ID="P2_SP00430" HPOS="1874" VPOS="1123" WIDTH="32"/>
							<String ID="P2_ST00499" HPOS="1906" VPOS="1056" WIDTH="278" HEIGHT="68" CONTENT="portraits" WC="1.00" CC="000001000"/>
							<SP ID="P2_SP00431" HPOS="2184" VPOS="1124" WIDTH="30"/>
							<String ID="P2_ST00500" HPOS="2214" VPOS="1054" WIDTH="54" HEIGHT="54" CONTENT="&amp;" WC="0.20" CC="9"/>
							<SP ID="P2_SP00432" HPOS="2268" VPOS="1124" WIDTH="33"/>
							<String ID="P2_ST00501" HPOS="2301" VPOS="1057" WIDTH="159" HEIGHT="52" CONTENT="visas" WC="1.00" CC="00000"/>
						</TextLine>
						<TextLine ID="P2_TL00070" HPOS="1780" VPOS="1513" WIDTH="620" HEIGHT="155">
							<String ID="P2_ST00502" HPOS="1780" VPOS="1513" WIDTH="620" HEIGHT="155" CONTENT="kinko's" WC="0.95" CC="0001111" STYLEREFS="TXT_11"/>
						</TextLine>
					</TextBlock>
				</ComposedBlock>
				<ComposedBlock ID="P2_CB00002" HPOS="1517" VPOS="1876" WIDTH="1213" HEIGHT="1749" TYPE="Advertisement">
					<TextBlock ID="P2_TB00018" HPOS="1517" VPOS="1876" WIDTH="1213" HEIGHT="1749" STYLEREFS="TXT_12 PAR_LEFT">
						<TextLine ID="P2_TL00071" HPOS="1524" VPOS="1966" WIDTH="1134" HEIGHT="83">
							<String ID="P2_ST00503" HPOS="1524" VPOS="1967" WIDTH="503" HEIGHT="80" CONTENT="ALEXIAN" WC="0.97" CC="1000011" STYLEREFS="TXT_13"/>
							<SP ID="P2_SP00433" HPOS="2027" VPOS="2047" WIDTH="40"/>
							<String ID="P2_ST00504" HPOS="2067" VPOS="1966" WIDTH="591" HEIGHT="83" CONTENT="BROTHERS" WC="1.00" CC="00100102" STYLEREFS="TXT_13"/>
						</TextLine>
						<TextLine ID="P2_TL00072" HPOS="1653" VPOS="2138" WIDTH="939" HEIGHT="57">
							<String ID="P2_ST00505" HPOS="1653" VPOS="2143" WIDTH="34" HEIGHT="39" CONTENT="A" WC="1.00" CC="0" STYLEREFS="TXT_14"/>
							<SP ID="P2_SP00434" HPOS="1687" VPOS="2182" WIDTH="16"/>
							<String ID="P2_ST00506" HPOS="1703" VPOS="2139" WIDTH="213" HEIGHT="56" CONTENT="Religious" WC="1.00" CC="000000000" STYLEREFS="TXT_14"/>
							<SP ID="P2_SP00435" HPOS="1916" VPOS="2195" WIDTH="17"/>
							<String ID="P2_ST00507" HPOS="1933" VPOS="2141" WIDTH="286" HEIGHT="52" CONTENT="Community" WC="1.00" CC="000000010" STYLEREFS="TXT_14"/>
							<SP ID="P2_SP00436" HPOS="2219" VPOS="2195" WIDTH="15"/>
							<String ID="P2_ST00508" HPOS="2234" VPOS="2138" WIDTH="47" HEIGHT="44" CONTENT="of" WC="0.96" CC="01" STYLEREFS="TXT_14"/>
							<SP ID="P2_SP00437" HPOS="2281" VPOS="2195" WIDTH="14"/>
							<String ID="P2_ST00509" HPOS="2295" VPOS="2142" WIDTH="107" HEIGHT="40" CONTENT="Men" WC="1.00" CC="000" STYLEREFS="TXT_14"/>
							<SP ID="P2_SP00438" HPOS="2402" VPOS="2195" WIDTH="20"/>
							<String ID="P2_ST00510" HPOS="2422" VPOS="2143" WIDTH="37" HEIGHT="39" CONTENT="in" WC="1.00" CC="00" STYLEREFS="TXT_14"/>
							<SP ID="P2_SP00439" HPOS="2459" VPOS="2195" WIDTH="19"/>
							<String ID="P2_ST00511" HPOS="2478" VPOS="2139" WIDTH="114" HEIGHT="43" CONTENT="the..." WC="1.00" CC="100000" STYLEREFS="TXT_14"/>
						</TextLine>
						<TextLine ID="P2_TL00073" HPOS="1539" VPOS="2211" WIDTH="1130" HEIGHT="70">
							<String ID="P2_ST00512" HPOS="1539" VPOS="2212" WIDTH="369" HEIGHT="69" CONTENT="HEALTH" WC="1.00" CC="001000" STYLEREFS="TXT_15"/>
							<SP ID="P2_SP00440" HPOS="1908" VPOS="2281" WIDTH="20"/>
							<String ID="P2_ST00513" HPOS="1928" VPOS="2211" WIDTH="246" HEIGHT="70" CONTENT="CARE" WC="0.99" CC="0400" STYLEREFS="TXT_15"/>
							<SP ID="P2_SP00441" HPOS="2174" VPOS="2281" WIDTH="25"/>
							<String ID="P2_ST00514" HPOS="2199" VPOS="2212" WIDTH="470" HEIGHT="69" CONTENT="MINISTRY" WC="1.00" CC="10102011" STYLEREFS="TXT_15"/>
						</TextLine>
						<TextLine ID="P2_TL00074" HPOS="1521" VPOS="2500" WIDTH="1114" HEIGHT="87">
							<String ID="P2_ST00515" HPOS="1521" VPOS="2531" WIDTH="65" HEIGHT="56" CONTENT="£" WC="0.20" CC="9" STYLEREFS="TXT_16"/>
							<SP ID="P2_SP00442" HPOS="1586" VPOS="2587" WIDTH="275"/>
							<String ID="P2_ST00516" HPOS="1861" VPOS="2510" WIDTH="64" HEIGHT="20" CONTENT='"""■' WC="0.74" CC="9111" STYLEREFS="TXT_16"/>
							<SP ID="P2_SP00443" HPOS="1925" VPOS="2587" WIDTH="27"/>
							<String ID="P2_ST00517" HPOS="1952" VPOS="2500" WIDTH="346" HEIGHT="57" CONTENT="Committed" WC="1.00" CC="000001100" STYLEREFS="TXT_16"/>
							<SP ID="P2_SP00444" HPOS="2298" VPOS="2587" WIDTH="21"/>
							<String ID="P2_ST00518" HPOS="2319" VPOS="2510" WIDTH="61" HEIGHT="47" CONTENT="to" WC="1.00" CC="00" STYLEREFS="TXT_16"/>
							<SP ID="P2_SP00445" HPOS="2380" VPOS="2587" WIDTH="17"/>
							<String ID="P2_ST00519" HPOS="2397" VPOS="2500" WIDTH="238" HEIGHT="57" CONTENT="Christ..." WC="1.00" CC="000000010" STYLEREFS="TXT_16"/>
						</TextLine>
						<TextLine ID="P2_TL00075" HPOS="1520" VPOS="2565" WIDTH="1060" HEIGHT="63">
							<String ID="P2_ST00520" HPOS="1520" VPOS="2565" WIDTH="201" HEIGHT="63" CONTENT="|B^gJjß" WC="0.59" CC="0594309" STYLEREFS="TXT_17"/>
							<String ID="P2_ST00521" HPOS="1721" VPOS="2565" WIDTH="4" HEIGHT="63" CONTENT="," STYLE="superscript" WC="0.92" CC="1" STYLEREFS="TXT_17"/>
							<String ID="P2_ST00522" HPOS="1725" VPOS="2571" WIDTH="95" HEIGHT="47" CONTENT='"6ir*-' WC="0.52" CC="398153" STYLEREFS="TXT_17"/>
							<String ID="P2_ST00523" HPOS="1823" VPOS="2574" WIDTH="12" HEIGHT="23" CONTENT=";" STYLE="superscript" WC="0.59" CC="4" STYLEREFS="TXT_17"/>
							<SP ID="P2_SP00446" HPOS="1835" VPOS="2628" WIDTH="155"/>
							<String ID="P2_ST00524" HPOS="1990" VPOS="2576" WIDTH="147" HEIGHT="42" CONTENT="rhrough" WC="0.96" CC="0100111" STYLEREFS="TXT_17"/>
							<SP ID="P2_SP00447" HPOS="2137" VPOS="2628" WIDTH="21"/>
							<String ID="P2_ST00525" HPOS="2158" VPOS="2588" WIDTH="15" HEIGHT="20" CONTENT="a" WC="1.00" CC="0" STYLEREFS="TXT_17"/>
							<SP ID="P2_SP00448" HPOS="2173" VPOS="2628" WIDTH="23"/>
							<String ID="P2_ST00526" HPOS="2196" VPOS="2576" WIDTH="52" HEIGHT="32" CONTENT="life" WC="1.00" CC="0110" STYLEREFS="TXT_17"/>
							<SP ID="P2_SP00449" HPOS="2248" VPOS="2628" WIDTH="20"/>
							<String ID="P2_ST00527" HPOS="2268" VPOS="2581" WIDTH="31" HEIGHT="27" CONTENT="ol" WC="1.00" CC="00" STYLEREFS="TXT_17"/>
							<SP ID="P2_SP00450" HPOS="2299" VPOS="2628" WIDTH="26"/>
							<String ID="P2_ST00528" HPOS="2325" VPOS="2576" WIDTH="149" HEIGHT="33" CONTENT="fraternal" WC="1.00" CC="100000000" STYLEREFS="TXT_17"/>
							<SP ID="P2_SP00451" HPOS="2474" VPOS="2628" WIDTH="24"/>
							<String ID="P2_ST00529" HPOS="2498" VPOS="2579" WIDTH="82" HEIGHT="33" CONTENT="love," WC="0.99" CC="02031" STYLEREFS="TXT_17"/>
						</TextLine>
						<TextLine ID="P2_TL00076" HPOS="1716" VPOS="2621" WIDTH="853" HEIGHT="54">
							<String ID="P2_ST00530" HPOS="1716" VPOS="2621" WIDTH="47" HEIGHT="54" CONTENT="/\" WC="0.88" CC="11" STYLEREFS="TXT_18"/>
							<SP ID="P2_SP00452" HPOS="1763" VPOS="2675" WIDTH="233"/>
							<String ID="P2_ST00531" HPOS="1996" VPOS="2634" WIDTH="117" HEIGHT="31" CONTENT="prayer" WC="1.00" CC="024000" STYLEREFS="TXT_17"/>
							<SP ID="P2_SP00453" HPOS="2113" VPOS="2675" WIDTH="18"/>
							<String ID="P2_ST00532" HPOS="2131" VPOS="2624" WIDTH="66" HEIGHT="32" CONTENT="and" WC="1.00" CC="001" STYLEREFS="TXT_17"/>
							<SP ID="P2_SP00454" HPOS="2197" VPOS="2675" WIDTH="20"/>
							<String ID="P2_ST00533" HPOS="2217" VPOS="2627" WIDTH="126" HEIGHT="29" CONTENT="service" WC="1.00" CC="1101100" STYLEREFS="TXT_17"/>
							<SP ID="P2_SP00455" HPOS="2343" VPOS="2675" WIDTH="20"/>
							<String ID="P2_ST00534" HPOS="2363" VPOS="2630" WIDTH="34" HEIGHT="26" CONTENT="to" WC="0.98" CC="10" STYLEREFS="TXT_17"/>
							<SP ID="P2_SP00456" HPOS="2397" VPOS="2675" WIDTH="19"/>
							<String ID="P2_ST00535" HPOS="2416" VPOS="2624" WIDTH="57" HEIGHT="32" CONTENT="the" WC="1.00" CC="000" STYLEREFS="TXT_17"/>
							<SP ID="P2_SP00457" HPOS="2473" VPOS="2675" WIDTH="18"/>
							<String ID="P2_ST00536" HPOS="2491" VPOS="2625" WIDTH="78" HEIGHT="37" CONTENT="sick," WC="1.00" CC="10001" STYLEREFS="TXT_17"/>
						</TextLine>
						<TextLine ID="P2_TL00077" HPOS="1567" VPOS="2660" WIDTH="973" HEIGHT="52">
							<String ID="P2_ST00537" HPOS="1567" VPOS="2673" WIDTH="45" HEIGHT="31" CONTENT="V" WC="0.25" CC="7" STYLEREFS="TXT_19"/>
							<SP ID="P2_SP00458" HPOS="1612" VPOS="2704" WIDTH="222"/>
							<String ID="P2_ST00538" HPOS="1834" VPOS="2660" WIDTH="55" HEIGHT="47" CONTENT="fl" WC="0.40" CC="66" STYLEREFS="TXT_19"/>
							<SP ID="P2_SP00459" HPOS="1889" VPOS="2707" WIDTH="135"/>
							<String ID="P2_ST00539" HPOS="2024" VPOS="2682" WIDTH="97" HEIGHT="30" CONTENT="poor," WC="1.00" CC="00002" STYLEREFS="TXT_19"/>
							<SP ID="P2_SP00460" HPOS="2121" VPOS="2712" WIDTH="19"/>
							<String ID="P2_ST00540" HPOS="2140" VPOS="2672" WIDTH="102" HEIGHT="40" CONTENT="dying" WC="1.00" CC="01000" STYLEREFS="TXT_19"/>
							<SP ID="P2_SP00461" HPOS="2242" VPOS="2712" WIDTH="18"/>
							<String ID="P2_ST00541" HPOS="2260" VPOS="2672" WIDTH="65" HEIGHT="32" CONTENT="and" WC="1.00" CC="000" STYLEREFS="TXT_19"/>
							<SP ID="P2_SP00462" HPOS="2325" VPOS="2712" WIDTH="22"/>
							<String ID="P2_ST00542" HPOS="2347" VPOS="2673" WIDTH="193" HEIGHT="32" CONTENT="unwanted." WC="1.00" CC="000000111" STYLEREFS="TXT_19"/>
						</TextLine>
						<TextLine ID="P2_TL00078" HPOS="1713" VPOS="2724" WIDTH="910" HEIGHT="32">
							<String ID="P2_ST00543" HPOS="1713" VPOS="2741" WIDTH="22" HEIGHT="15" CONTENT="*" WC="0.20" CC="9"/>
							<String ID="P2_ST00544" HPOS="1745" VPOS="2724" WIDTH="10" HEIGHT="11" CONTENT="3" STYLE="superscript" WC="0.51" CC="5"/>
							<String ID="P2_ST00545" HPOS="1756" VPOS="2724" WIDTH="2" HEIGHT="32" CONTENT="'" WC="0.88" CC="1"/>
							<String ID="P2_ST00546" HPOS="1759" VPOS="2732" WIDTH="13" HEIGHT="3" CONTENT="-" STYLE="superscript" WC="0.85" CC="2"/>
							<String ID="P2_ST00547" HPOS="1778" VPOS="2726" WIDTH="6" HEIGHT="4" CONTENT='"' WC="0.85" CC="2"/>
							<SP ID="P2_SP00463" HPOS="1784" VPOS="2756" WIDTH="172"/>
							<String ID="P2_ST00548" HPOS="1956" VPOS="2737" WIDTH="12" HEIGHT="12" CONTENT="■" WC="0.92" CC="1"/>
							<SP ID="P2_SP00464" HPOS="1968" VPOS="2756" WIDTH="14"/>
							<String ID="P2_ST00549" HPOS="1982" VPOS="2735" WIDTH="198" HEIGHT="16" CONTENT="ADMINISTRATION" WC="1.00" CC="12002110315012"/>
							<SP ID="P2_SP00465" HPOS="2180" VPOS="2756" WIDTH="14"/>
							<String ID="P2_ST00550" HPOS="2194" VPOS="2738" WIDTH="11" HEIGHT="12" CONTENT="■" WC="0.96" CC="1"/>
							<SP ID="P2_SP00466" HPOS="2205" VPOS="2756" WIDTH="15"/>
							<String ID="P2_ST00551" HPOS="2220" VPOS="2735" WIDTH="99" HEIGHT="16" CONTENT="NURSINC;" WC="0.92" CC="00111111"/>
							<SP ID="P2_SP00467" HPOS="2319" VPOS="2756" WIDTH="13"/>
							<String ID="P2_ST00552" HPOS="2332" VPOS="2738" WIDTH="12" HEIGHT="12" CONTENT="■" WC="0.92" CC="1"/>
							<SP ID="P2_SP00468" HPOS="2344" VPOS="2756" WIDTH="12"/>
							<String ID="P2_ST00553" HPOS="2356" VPOS="2735" WIDTH="102" HEIGHT="17" CONTENT="CIERICAL" WC="0.97" CC="11001100"/>
							<SP ID="P2_SP00469" HPOS="2458" VPOS="2756" WIDTH="14"/>
							<String ID="P2_ST00554" HPOS="2472" VPOS="2738" WIDTH="12" HEIGHT="12" CONTENT="■" WC="0.88" CC="1"/>
							<SP ID="P2_SP00470" HPOS="2484" VPOS="2756" WIDTH="14"/>
							<String ID="P2_ST00555" HPOS="2498" VPOS="2736" WIDTH="125" HEIGHT="16" CONTENT="TECHNICAL" WC="1.00" CC="020001202"/>
						</TextLine>
						<TextLine ID="P2_TL00079" HPOS="1706" VPOS="2760" WIDTH="915" HEIGHT="25">
							<String ID="P2_ST00556" HPOS="1706" VPOS="2763" WIDTH="41" HEIGHT="13" CONTENT="»k" WC="0.27" CC="96"/>
							<SP ID="P2_SP00471" HPOS="1747" VPOS="2776" WIDTH="176"/>
							<String ID="P2_ST00557" HPOS="1923" VPOS="2760" WIDTH="3" HEIGHT="25" CONTENT="I" WC="0.96" CC="1"/>
							<SP ID="P2_SP00472" HPOS="1926" VPOS="2785" WIDTH="31"/>
							<String ID="P2_ST00558" HPOS="1957" VPOS="2761" WIDTH="12" HEIGHT="13" CONTENT="•" WC="0.92" CC="1"/>
							<SP ID="P2_SP00473" HPOS="1969" VPOS="2785" WIDTH="11"/>
							<String ID="P2_ST00559" HPOS="1980" VPOS="2760" WIDTH="110" HEIGHT="17" CONTENT="PASTORAL" WC="1.00" CC="01001000"/>
							<SP ID="P2_SP00474" HPOS="2090" VPOS="2785" WIDTH="13"/>
							<String ID="P2_ST00560" HPOS="2103" VPOS="2760" WIDTH="55" HEIGHT="16" CONTENT="CARE" WC="1.00" CC="1001"/>
							<SP ID="P2_SP00475" HPOS="2158" VPOS="2785" WIDTH="12"/>
							<String ID="P2_ST00561" HPOS="2170" VPOS="2762" WIDTH="12" HEIGHT="13" CONTENT="■" WC="0.88" CC="1"/>
							<SP ID="P2_SP00476" HPOS="2182" VPOS="2785" WIDTH="10"/>
							<String ID="P2_ST00562" HPOS="2192" VPOS="2760" WIDTH="63" HEIGHT="16" CONTENT="X-RAY" WC="1.00" CC="01000"/>
							<SP ID="P2_SP00477" HPOS="2255" VPOS="2785" WIDTH="11"/>
							<String ID="P2_ST00563" HPOS="2266" VPOS="2762" WIDTH="12" HEIGHT="12" CONTENT="■" WC="0.96" CC="1"/>
							<SP ID="P2_SP00478" HPOS="2278" VPOS="2785" WIDTH="10"/>
							<String ID="P2_ST00564" HPOS="2288" VPOS="2760" WIDTH="147" HEIGHT="17" CONTENT="LABORATORY" WC="1.00" CC="1010100001"/>
							<SP ID="P2_SP00479" HPOS="2435" VPOS="2785" WIDTH="10"/>
							<String ID="P2_ST00565" HPOS="2445" VPOS="2763" WIDTH="13" HEIGHT="12" CONTENT="■" WC="0.92" CC="1"/>
							<SP ID="P2_SP00480" HPOS="2458" VPOS="2785" WIDTH="11"/>
							<String ID="P2_ST00566" HPOS="2469" VPOS="2761" WIDTH="152" HEIGHT="17" CONTENT="ENGINEERING" WC="0.99" CC="20911931101"/>
						</TextLine>
						<TextLine ID="P2_TL00080" HPOS="1958" VPOS="2784" WIDTH="654" HEIGHT="18">
							<String ID="P2_ST00567" HPOS="1958" VPOS="2785" WIDTH="14" HEIGHT="15" CONTENT="«," WC="0.70" CC="42"/>
							<SP ID="P2_SP00481" HPOS="1972" VPOS="2800" WIDTH="16"/>
							<String ID="P2_ST00568" HPOS="1988" VPOS="2785" WIDTH="160" HEIGHT="16" CONTENT="maintenanci" WC="0.94" CC="00110111210"/>
							<SP ID="P2_SP00482" HPOS="2148" VPOS="2801" WIDTH="22"/>
							<String ID="P2_ST00569" HPOS="2170" VPOS="2786" WIDTH="170" HEIGHT="14" CONTENT="■MMMANK-μ" WC="0.72" CC="151119152"/>
							<SP ID="P2_SP00483" HPOS="2340" VPOS="2801" WIDTH="21"/>
							<String ID="P2_ST00570" HPOS="2361" VPOS="2784" WIDTH="67" HEIGHT="17" CONTENT="work" WC="0.99" CC="2104"/>
							<SP ID="P2_SP00484" HPOS="2428" VPOS="2801" WIDTH="15"/>
							<String ID="P2_ST00571" HPOS="2443" VPOS="2789" WIDTH="13" HEIGHT="11" CONTENT="■" WC="0.92" CC="1"/>
							<SP ID="P2_SP00485" HPOS="2456" VPOS="2801" WIDTH="15"/>
							<String ID="P2_ST00572" HPOS="2471" VPOS="2786" WIDTH="66" HEIGHT="16" CONTENT="publk" WC="0.88" CC="22111"/>
							<SP ID="P2_SP00486" HPOS="2537" VPOS="2802" WIDTH="26"/>
							<String ID="P2_ST00573" HPOS="2563" VPOS="2787" WIDTH="49" HEIGHT="15" CONTENT="kiia" WC="0.91" CC="3101"/>
						</TextLine>
						<TextLine ID="P2_TL00081" HPOS="1771" VPOS="2800" WIDTH="746" HEIGHT="27">
							<String ID="P2_ST00574" HPOS="1771" VPOS="2800" WIDTH="38" HEIGHT="25" CONTENT="B" WC="0.20" CC="9"/>
							<SP ID="P2_SP00487" HPOS="1809" VPOS="2825" WIDTH="27"/>
							<String ID="P2_ST00575" HPOS="1836" VPOS="2800" WIDTH="35" HEIGHT="24" CONTENT="S" WC="0.33" CC="6"/>
							<SP ID="P2_SP00488" HPOS="1871" VPOS="2825" WIDTH="90"/>
							<String ID="P2_ST00576" HPOS="1961" VPOS="2809" WIDTH="64" HEIGHT="17" CONTENT="riONS" WC="0.89" CC="10014"/>
							<SP ID="P2_SP00489" HPOS="2025" VPOS="2826" WIDTH="13"/>
							<String ID="P2_ST00577" HPOS="2038" VPOS="2812" WIDTH="11" HEIGHT="12" CONTENT="■" WC="0.88" CC="1"/>
							<SP ID="P2_SP00490" HPOS="2049" VPOS="2826" WIDTH="12"/>
							<String ID="P2_ST00578" HPOS="2061" VPOS="2810" WIDTH="125" HEIGHT="16" CONTENT="PHARMACY" WC="1.00" CC="01120111"/>
							<SP ID="P2_SP00491" HPOS="2186" VPOS="2826" WIDTH="11"/>
							<String ID="P2_ST00579" HPOS="2197" VPOS="2812" WIDTH="12" HEIGHT="13" CONTENT="■" WC="0.96" CC="1"/>
							<SP ID="P2_SP00492" HPOS="2209" VPOS="2826" WIDTH="11"/>
							<String ID="P2_ST00580" HPOS="2220" VPOS="2810" WIDTH="147" HEIGHT="17" CONTENT="COMMUNITY" WC="1.00" CC="210110001"/>
							<SP ID="P2_SP00493" HPOS="2367" VPOS="2827" WIDTH="13"/>
							<String ID="P2_ST00581" HPOS="2380" VPOS="2810" WIDTH="83" HEIGHT="17" CONTENT="HEALTH" WC="1.00" CC="011102"/>
							<SP ID="P2_SP00494" HPOS="2463" VPOS="2827" WIDTH="24"/>
							<String ID="P2_ST00582" HPOS="2487" VPOS="2811" WIDTH="30" HEIGHT="15" CONTENT="IK" WC="0.84" CC="12"/>
						</TextLine>
						<TextLine ID="P2_TL00082" HPOS="1892" VPOS="2841" WIDTH="764" HEIGHT="44">
							<String ID="P2_ST00583" HPOS="1892" VPOS="2841" WIDTH="49" HEIGHT="44" CONTENT="B*" WC="0.79" CC="31" STYLEREFS="TXT_20"/>
							<SP ID="P2_SP00495" HPOS="1941" VPOS="2885" WIDTH="106"/>
							<String ID="P2_ST00584" HPOS="2047" VPOS="2861" WIDTH="11" HEIGHT="13" CONTENT="*" WC="0.88" CC="1" STYLEREFS="TXT_20"/>
							<SP ID="P2_SP00496" HPOS="2058" VPOS="2885" WIDTH="62"/>
							<String ID="P2_ST00585" HPOS="2120" VPOS="2860" WIDTH="77" HEIGHT="18" CONTENT="WRITE" WC="1.00" CC="01101" STYLEREFS="TXT_20"/>
							<SP ID="P2_SP00497" HPOS="2197" VPOS="2885" WIDTH="10"/>
							<String ID="P2_ST00586" HPOS="2207" VPOS="2860" WIDTH="49" HEIGHT="18" CONTENT="FOR" WC="0.99" CC="102" STYLEREFS="TXT_20"/>
							<SP ID="P2_SP00498" HPOS="2256" VPOS="2885" WIDTH="10"/>
							<String ID="P2_ST00587" HPOS="2266" VPOS="2859" WIDTH="186" HEIGHT="20" CONTENT="INFORMATION" WC="1.00" CC="01102010001" STYLEREFS="TXT_20"/>
							<SP ID="P2_SP00499" HPOS="2452" VPOS="2885" WIDTH="105"/>
							<String ID="P2_ST00588" HPOS="2557" VPOS="2862" WIDTH="11" HEIGHT="14" CONTENT="■" WC="0.92" CC="1" STYLEREFS="TXT_20"/>
							<SP ID="P2_SP00500" HPOS="2568" VPOS="2885" WIDTH="77"/>
							<String ID="P2_ST00589" HPOS="2645" VPOS="2863" WIDTH="11" HEIGHT="13" CONTENT="■" WC="1.00" CC="0" STYLEREFS="TXT_20"/>
						</TextLine>
						<TextLine ID="P2_TL00083" HPOS="1519" VPOS="2900" WIDTH="1137" HEIGHT="41">
							<String ID="P2_ST00590" HPOS="1519" VPOS="2921" WIDTH="27" HEIGHT="8" CONTENT="—" WC="0.81" CC="2" STYLEREFS="TXT_20"/>
							<SP ID="P2_SP00501" HPOS="1546" VPOS="2929" WIDTH="43"/>
							<String ID="P2_ST00591" HPOS="1589" VPOS="2900" WIDTH="42" HEIGHT="41" CONTENT="S[" WC="0.58" CC="71" STYLEREFS="TXT_20"/>
							<SP ID="P2_SP00502" HPOS="1631" VPOS="2941" WIDTH="287"/>
							<String ID="P2_ST00592" HPOS="1918" VPOS="2900" WIDTH="7" HEIGHT="41" CONTENT="I" WC="1.00" CC="0" STYLEREFS="TXT_21"/>
							<SP ID="P2_SP00503" HPOS="1925" VPOS="2941" WIDTH="27"/>
							<String ID="P2_ST00593" HPOS="1952" VPOS="2914" WIDTH="58" HEIGHT="16" CONTENT="VcKJ|" STYLE="superscript" WC="0.81" CC="02171" STYLEREFS="TXT_21"/>
							<String ID="P2_ST00594" HPOS="2014" VPOS="2913" WIDTH="18" HEIGHT="17" CONTENT='i"' WC="0.92" CC="11" STYLEREFS="TXT_21"/>
							<String ID="P2_ST00595" HPOS="2034" VPOS="2919" WIDTH="11" HEIGHT="10" CONTENT="n" STYLE="superscript" WC="1.00" CC="0" STYLEREFS="TXT_21"/>
							<SP ID="P2_SP00504" HPOS="2045" VPOS="2941" WIDTH="10"/>
							<String ID="P2_ST00596" HPOS="2055" VPOS="2913" WIDTH="95" HEIGHT="19" CONTENT="I'iretlor," WC="0.83" CC="1213712111" STYLEREFS="TXT_21"/>
							<SP ID="P2_SP00505" HPOS="2150" VPOS="2941" WIDTH="11"/>
							<String ID="P2_ST00597" HPOS="2161" VPOS="2912" WIDTH="78" HEIGHT="18" CONTENT="Ale«ijn" WC="0.89" CC="0033111" STYLEREFS="TXT_21"/>
							<SP ID="P2_SP00506" HPOS="2239" VPOS="2941" WIDTH="11"/>
							<String ID="P2_ST00598" HPOS="2250" VPOS="2912" WIDTH="88" HEIGHT="18" CONTENT="Bnilhi-rs" WC="0.92" CC="120111201" STYLEREFS="TXT_21"/>
							<SP ID="P2_SP00507" HPOS="2338" VPOS="2941" WIDTH="307"/>
							<String ID="P2_ST00599" HPOS="2645" VPOS="2910" WIDTH="11" HEIGHT="9" CONTENT="*" WC="0.88" CC="1" STYLEREFS="TXT_21"/>
						</TextLine>
						<TextLine ID="P2_TL00084" HPOS="1916" VPOS="2931" WIDTH="740" HEIGHT="34">
							<String ID="P2_ST00600" HPOS="1916" VPOS="2931" WIDTH="9" HEIGHT="34" CONTENT="I" WC="0.96" CC="1" STYLEREFS="TXT_20"/>
							<SP ID="P2_SP00508" HPOS="1925" VPOS="2965" WIDTH="25"/>
							<String ID="P2_ST00601" HPOS="1950" VPOS="2940" WIDTH="41" HEIGHT="18" CONTENT="*00" WC="0.80" CC="420" STYLEREFS="TXT_20"/>
							<SP ID="P2_SP00509" HPOS="1991" VPOS="2965" WIDTH="8"/>
							<String ID="P2_ST00602" HPOS="1999" VPOS="2939" WIDTH="81" HEIGHT="19" CONTENT="Al»«i*n" WC="0.75" CC="1152180" STYLEREFS="TXT_20"/>
							<SP ID="P2_SP00510" HPOS="2080" VPOS="2965" WIDTH="8"/>
							<String ID="P2_ST00603" HPOS="2088" VPOS="2941" WIDTH="49" HEIGHT="19" CONTENT="Wi»." WC="0.69" CC="1931" STYLEREFS="TXT_20"/>
							<SP ID="P2_SP00511" HPOS="2137" VPOS="2965" WIDTH="11"/>
							<String ID="P2_ST00604" HPOS="2148" VPOS="2939" WIDTH="29" HEIGHT="19" CONTENT="11l" WC="0.98" CC="114" STYLEREFS="TXT_20"/>
							<SP ID="P2_SP00512" HPOS="2177" VPOS="2965" WIDTH="9"/>
							<String ID="P2_ST00605" HPOS="2186" VPOS="2940" WIDTH="67" HEIGHT="18" CONTENT="Cfove" WC="0.89" CC="02032" STYLEREFS="TXT_20"/>
							<SP ID="P2_SP00513" HPOS="2253" VPOS="2965" WIDTH="8"/>
							<String ID="P2_ST00606" HPOS="2261" VPOS="2938" WIDTH="78" HEIGHT="24" CONTENT="VilUge." WC="0.79" CC="0014821" STYLEREFS="TXT_20"/>
							<SP ID="P2_SP00514" HPOS="2339" VPOS="2965" WIDTH="9"/>
							<String ID="P2_ST00607" HPOS="2348" VPOS="2941" WIDTH="17" HEIGHT="17" CONTENT="II" WC="0.92" CC="11" STYLEREFS="TXT_20"/>
							<SP ID="P2_SP00515" HPOS="2365" VPOS="2965" WIDTH="10"/>
							<String ID="P2_ST00608" HPOS="2375" VPOS="2942" WIDTH="11" HEIGHT="17" CONTENT="6" WC="0.66" CC="3" STYLEREFS="TXT_20"/>
							<SP ID="P2_SP00516" HPOS="2386" VPOS="2965" WIDTH="47"/>
							<String ID="P2_ST00609" HPOS="2433" VPOS="2941" WIDTH="7" HEIGHT="16" CONTENT="?" WC="1.00" CC="0" STYLEREFS="TXT_22"/>
							<SP ID="P2_SP00517" HPOS="2440" VPOS="2965" WIDTH="207"/>
							<String ID="P2_ST00610" HPOS="2647" VPOS="2940" WIDTH="9" HEIGHT="22" CONTENT="'." WC="0.91" CC="12" STYLEREFS="TXT_22"/>
						</TextLine>
						<TextLine ID="P2_TL00085" HPOS="1950" VPOS="2983" WIDTH="707" HEIGHT="38">
							<String ID="P2_ST00611" HPOS="1950" VPOS="3004" WIDTH="59" HEIGHT="16" CONTENT="Name" WC="0.99" CC="0223" STYLEREFS="TXT_23"/>
							<SP ID="P2_SP00518" HPOS="2009" VPOS="3020" WIDTH="593"/>
							<String ID="P2_ST00612" HPOS="2602" VPOS="2999" WIDTH="5" HEIGHT="10" CONTENT=";" STYLE="superscript" WC="0.66" CC="3" STYLEREFS="TXT_23"/>
							<SP ID="P2_SP00519" HPOS="2607" VPOS="3020" WIDTH="38"/>
							<String ID="P2_ST00613" HPOS="2645" VPOS="2983" WIDTH="12" HEIGHT="38" CONTENT="E" WC="0.77" CC="2" STYLEREFS="TXT_23"/>
						</TextLine>
						<TextLine ID="P2_TL00086" HPOS="1800" VPOS="3039" WIDTH="857" HEIGHT="27">
							<String ID="P2_ST00614" HPOS="1800" VPOS="3039" WIDTH="44" HEIGHT="26" CONTENT="I" WC="0.74" CC="3" STYLEREFS="TXT_21"/>
							<SP ID="P2_SP00520" HPOS="1844" VPOS="3065" WIDTH="72"/>
							<String ID="P2_ST00615" HPOS="1916" VPOS="3039" WIDTH="9" HEIGHT="26" CONTENT="I" WC="0.96" CC="1" STYLEREFS="TXT_21"/>
							<SP ID="P2_SP00521" HPOS="1925" VPOS="3065" WIDTH="25"/>
							<String ID="P2_ST00616" HPOS="1950" VPOS="3048" WIDTH="80" HEIGHT="18" CONTENT="Address" WC="0.99" CC="1111343" STYLEREFS="TXT_21"/>
							<SP ID="P2_SP00522" HPOS="2030" VPOS="3066" WIDTH="615"/>
							<String ID="P2_ST00617" HPOS="2645" VPOS="3056" WIDTH="12" HEIGHT="10" CONTENT="m" WC="0.88" CC="1" STYLEREFS="TXT_24"/>
						</TextLine>
						<TextLine ID="P2_TL00087" HPOS="1819" VPOS="3082" WIDTH="837" HEIGHT="37">
							<String ID="P2_ST00618" HPOS="1819" VPOS="3091" WIDTH="49" HEIGHT="24" CONTENT="M" WC="0.25" CC="7" STYLEREFS="TXT_21"/>
							<SP ID="P2_SP00523" HPOS="1868" VPOS="3115" WIDTH="47"/>
							<String ID="P2_ST00619" HPOS="1915" VPOS="3082" WIDTH="9" HEIGHT="33" CONTENT="I" WC="0.96" CC="1" STYLEREFS="TXT_21"/>
							<SP ID="P2_SP00524" HPOS="1924" VPOS="3115" WIDTH="26"/>
							<String ID="P2_ST00620" HPOS="1950" VPOS="3095" WIDTH="40" HEIGHT="21" CONTENT="Cily" WC="0.97" CC="1101" STYLEREFS="TXT_21"/>
							<SP ID="P2_SP00525" HPOS="1990" VPOS="3116" WIDTH="209"/>
							<String ID="P2_ST00621" HPOS="2199" VPOS="3096" WIDTH="49" HEIGHT="17" CONTENT="SUle" WC="0.84" CC="1411" STYLEREFS="TXT_21"/>
							<SP ID="P2_SP00526" HPOS="2248" VPOS="3116" WIDTH="168"/>
							<String ID="P2_ST00622" HPOS="2416" VPOS="3098" WIDTH="34" HEIGHT="21" CONTENT="Zip" WC="0.99" CC="110" STYLEREFS="TXT_21"/>
							<SP ID="P2_SP00527" HPOS="2450" VPOS="3119" WIDTH="194"/>
							<String ID="P2_ST00623" HPOS="2644" VPOS="3099" WIDTH="12" HEIGHT="11" CONTENT="•" WC="0.85" CC="2" STYLEREFS="TXT_21"/>
						</TextLine>
						<TextLine ID="P2_TL00088" HPOS="1778" VPOS="3138" WIDTH="877" HEIGHT="25">
							<String ID="P2_ST00624" HPOS="1778" VPOS="3148" WIDTH="15" HEIGHT="15" CONTENT="D" WC="0.03" CC="9"/>
							<SP ID="P2_SP00528" HPOS="1793" VPOS="3163" WIDTH="156"/>
							<String ID="P2_ST00625" HPOS="1949" VPOS="3142" WIDTH="39" HEIGHT="19" CONTENT="Age" WC="0.98" CC="124"/>
							<SP ID="P2_SP00529" HPOS="1988" VPOS="3163" WIDTH="127"/>
							<String ID="P2_ST00626" HPOS="2115" VPOS="3141" WIDTH="101" HEIGHT="18" CONTENT="Education" WC="0.99" CC="101174120"/>
							<SP ID="P2_SP00530" HPOS="2216" VPOS="3163" WIDTH="195"/>
							<String ID="P2_ST00627" HPOS="2411" VPOS="3138" WIDTH="19" HEIGHT="14" CONTENT="'C*" WC="0.70" CC="216" STYLEREFS="TXT_25"/>
							<SP ID="P2_SP00531" HPOS="2430" VPOS="3163" WIDTH="12"/>
							<String ID="P2_ST00628" HPOS="2442" VPOS="3139" WIDTH="13" HEIGHT="13" CONTENT="N" STYLE="superscript" WC="0.51" CC="5" STYLEREFS="TXT_26"/>
							<String ID="P2_ST00629" HPOS="2457" VPOS="3142" WIDTH="9" HEIGHT="11" CONTENT='"' WC="0.85" CC="2" STYLEREFS="TXT_26"/>
							<SP ID="P2_SP00532" HPOS="2466" VPOS="3163" WIDTH="179"/>
							<String ID="P2_ST00630" HPOS="2645" VPOS="3146" WIDTH="10" HEIGHT="7" CONTENT="-" WC="0.88" CC="1"/>
						</TextLine>
						<TextLine ID="P2_TL00089" HPOS="2572" VPOS="3159" WIDTH="84" HEIGHT="17">
							<String ID="P2_ST00631" HPOS="2572" VPOS="3159" WIDTH="53" HEIGHT="17" CONTENT="JF27" WC="0.85" CC="3112"/>
							<SP ID="P2_SP00533" HPOS="2625" VPOS="3176" WIDTH="20"/>
							<String ID="P2_ST00632" HPOS="2645" VPOS="3159" WIDTH="11" HEIGHT="10" CONTENT="*" WC="0.29" CC="7"/>
						</TextLine>
						<TextLine ID="P2_TL00090" HPOS="1534" VPOS="3175" WIDTH="1120" HEIGHT="25">
							<String ID="P2_ST00633" HPOS="1534" VPOS="3176" WIDTH="36" HEIGHT="22" CONTENT='"A' WC="0.96" CC="11" STYLEREFS="TXT_20"/>
							<SP ID="P2_SP00534" HPOS="1570" VPOS="3198" WIDTH="11"/>
							<String ID="P2_ST00634" HPOS="1581" VPOS="3175" WIDTH="132" HEIGHT="23" CONTENT="HEALING" WC="1.00" CC="0010101" STYLEREFS="TXT_20"/>
							<SP ID="P2_SP00535" HPOS="1713" VPOS="3198" WIDTH="11"/>
							<String ID="P2_ST00635" HPOS="1724" VPOS="3175" WIDTH="160" HEIGHT="25" CONTENT='PRESENCE"' WC="1.00" CC="120111001" STYLEREFS="TXT_20"/>
							<SP ID="P2_SP00536" HPOS="1884" VPOS="3200" WIDTH="16"/>
							<String ID="P2_ST00636" HPOS="1900" VPOS="3186" WIDTH="10" HEIGHT="12" CONTENT="■" WC="0.92" CC="1" STYLEREFS="TXT_20"/>
							<SP ID="P2_SP00537" HPOS="1910" VPOS="3200" WIDTH="180"/>
							<String ID="P2_ST00637" HPOS="2090" VPOS="3187" WIDTH="10" HEIGHT="10" CONTENT="■" WC="1.00" CC="0" STYLEREFS="TXT_20"/>
							<SP ID="P2_SP00538" HPOS="2100" VPOS="3200" WIDTH="105"/>
							<String ID="P2_ST00638" HPOS="2205" VPOS="3188" WIDTH="10" HEIGHT="10" CONTENT="■" WC="0.96" CC="1" STYLEREFS="TXT_20"/>
							<SP ID="P2_SP00539" HPOS="2215" VPOS="3200" WIDTH="78"/>
							<String ID="P2_ST00639" HPOS="2293" VPOS="3188" WIDTH="10" HEIGHT="10" CONTENT="■" WC="0.74" CC="3" STYLEREFS="TXT_20"/>
							<SP ID="P2_SP00540" HPOS="2303" VPOS="3200" WIDTH="93"/>
							<String ID="P2_ST00640" HPOS="2396" VPOS="3189" WIDTH="10" HEIGHT="11" CONTENT="■" WC="1.00" CC="0" STYLEREFS="TXT_20"/>
							<SP ID="P2_SP00541" HPOS="2406" VPOS="3200" WIDTH="121"/>
							<String ID="P2_ST00641" HPOS="2527" VPOS="3190" WIDTH="10" HEIGHT="10" CONTENT="■" WC="0.96" CC="1" STYLEREFS="TXT_20"/>
							<SP ID="P2_SP00542" HPOS="2537" VPOS="3200" WIDTH="108"/>
							<String ID="P2_ST00642" HPOS="2645" VPOS="3188" WIDTH="9" HEIGHT="12" CONTENT="■" WC="0.96" CC="1" STYLEREFS="TXT_20"/>
						</TextLine>
						<TextLine ID="P2_TL00091" HPOS="1886" VPOS="3331" WIDTH="380" HEIGHT="20">
							<String ID="P2_ST00643" HPOS="1886" VPOS="3331" WIDTH="111" HEIGHT="18" CONTENT="HOSPITAL" WC="1.00" CC="00121000" STYLEREFS="TXT_27"/>
							<SP ID="P2_SP00543" HPOS="1997" VPOS="3349" WIDTH="8"/>
							<String ID="P2_ST00644" HPOS="2005" VPOS="3332" WIDTH="52" HEIGHT="17" CONTENT="AND" WC="1.00" CC="010" STYLEREFS="TXT_27"/>
							<SP ID="P2_SP00544" HPOS="2057" VPOS="3349" WIDTH="9"/>
							<String ID="P2_ST00645" HPOS="2066" VPOS="3332" WIDTH="87" HEIGHT="18" CONTENT="HEALTH" WC="1.00" CC="131100" STYLEREFS="TXT_27"/>
							<SP ID="P2_SP00545" HPOS="2153" VPOS="3350" WIDTH="8"/>
							<String ID="P2_ST00646" HPOS="2161" VPOS="3333" WIDTH="105" HEIGHT="18" CONTENT="CENTERS:" WC="1.00" CC="01002211" STYLEREFS="TXT_27"/>
						</TextLine>
						<TextLine ID="P2_TL00092" HPOS="1536" VPOS="3358" WIDTH="1079" HEIGHT="26">
							<String ID="P2_ST00647" HPOS="1536" VPOS="3359" WIDTH="28" HEIGHT="19" CONTENT="Elk" WC="0.99" CC="301"/>
							<SP ID="P2_SP00546" HPOS="1564" VPOS="3378" WIDTH="9"/>
							<String ID="P2_ST00648" HPOS="1573" VPOS="3358" WIDTH="63" HEIGHT="22" CONTENT="Crovr" WC="0.89" CC="21103" STYLEREFS="TXT_27"/>
							<SP ID="P2_SP00547" HPOS="1636" VPOS="3380" WIDTH="9"/>
							<String ID="P2_ST00649" HPOS="1645" VPOS="3359" WIDTH="76" HEIGHT="22" CONTENT="Villdßf," WC="0.82" CC="11003540"/>
							<SP ID="P2_SP00548" HPOS="1721" VPOS="3381" WIDTH="12"/>
							<String ID="P2_ST00650" HPOS="1733" VPOS="3359" WIDTH="144" HEIGHT="19" CONTENT="ILL.'lh/.ilMDlh." WC="1.00" CC="0100321111112120"/>
							<SP ID="P2_SP00549" HPOS="1877" VPOS="3381" WIDTH="12"/>
							<String ID="P2_ST00651" HPOS="1889" VPOS="3359" WIDTH="14" HEIGHT="18" CONTENT="N" WC="1.00" CC="0"/>
							<SP ID="P2_SP00550" HPOS="1903" VPOS="3381" WIDTH="12"/>
							<String ID="P2_ST00652" HPOS="1915" VPOS="3358" WIDTH="3" HEIGHT="26" CONTENT="I" WC="1.00" CC="0"/>
							<SP ID="P2_SP00551" HPOS="1918" VPOS="3384" WIDTH="18"/>
							<String ID="P2_ST00653" HPOS="1936" VPOS="3361" WIDTH="16" HEIGHT="16" CONTENT="SI" WC="0.76" CC="41"/>
							<SP ID="P2_SP00552" HPOS="1952" VPOS="3384" WIDTH="18"/>
							<String ID="P2_ST00654" HPOS="1970" VPOS="3360" WIDTH="57" HEIGHT="18" CONTENT="Louis." WC="1.00" CC="111031"/>
							<SP ID="P2_SP00553" HPOS="2027" VPOS="3384" WIDTH="12"/>
							<String ID="P2_ST00655" HPOS="2039" VPOS="3361" WIDTH="33" HEIGHT="15" CONTENT="Mo" WC="0.79" CC="22"/>
							<SP ID="P2_SP00554" HPOS="2072" VPOS="3384" WIDTH="16"/>
							<String ID="P2_ST00656" HPOS="2088" VPOS="3360" WIDTH="36" HEIGHT="17" CONTENT="S.in" WC="0.95" CC="1110"/>
							<SP ID="P2_SP00555" HPOS="2124" VPOS="3384" WIDTH="9"/>
							<String ID="P2_ST00657" HPOS="2133" VPOS="3360" WIDTH="45" HEIGHT="19" CONTENT="lost-." WC="0.99" CC="012540"/>
							<SP ID="P2_SP00556" HPOS="2178" VPOS="3384" WIDTH="10"/>
							<String ID="P2_ST00658" HPOS="2188" VPOS="3358" WIDTH="111" HEIGHT="26" CONTENT="C'al./Siflndl" WC="0.86" CC="2210022144110" STYLEREFS="TXT_27"/>
							<SP ID="P2_SP00557" HPOS="2299" VPOS="3384" WIDTH="9"/>
							<String ID="P2_ST00659" HPOS="2308" VPOS="3362" WIDTH="27" HEIGHT="16" CONTENT="Ml" WC="0.96" CC="01"/>
							<SP ID="P2_SP00558" HPOS="2335" VPOS="3384" WIDTH="12"/>
							<String ID="P2_ST00660" HPOS="2347" VPOS="3358" WIDTH="2" HEIGHT="26" CONTENT="." WC="1.00" CC="0"/>
							<SP ID="P2_SP00559" HPOS="2349" VPOS="3384" WIDTH="13"/>
							<String ID="P2_ST00661" HPOS="2362" VPOS="3361" WIDTH="47" HEIGHT="17" CONTENT="Tcnn" WC="0.92" CC="0310"/>
							<SP ID="P2_SP00560" HPOS="2409" VPOS="3384" WIDTH="17"/>
							<String ID="P2_ST00662" HPOS="2426" VPOS="3360" WIDTH="121" HEIGHT="20" CONTENT="Milvvjukt-f." WC="0.83" CC="210214211350"/>
							<SP ID="P2_SP00561" HPOS="2547" VPOS="3384" WIDTH="11"/>
							<String ID="P2_ST00663" HPOS="2558" VPOS="3360" WIDTH="57" HEIGHT="18" CONTENT="Wise." WC="0.99" CC="01341"/>
						</TextLine>
						<TextLine ID="P2_TL00093" HPOS="1805" VPOS="3388" WIDTH="534" HEIGHT="23">
							<String ID="P2_ST00664" HPOS="1805" VPOS="3388" WIDTH="84" HEIGHT="18" CONTENT="Krolhrrs" WC="0.87" CC="11112114" STYLEREFS="TXT_28"/>
							<SP ID="P2_SP00562" HPOS="1889" VPOS="3406" WIDTH="99"/>
							<String ID="P2_ST00665" HPOS="1988" VPOS="3394" WIDTH="18" HEIGHT="11" CONTENT="in" WC="0.96" CC="01" STYLEREFS="TXT_28"/>
							<SP ID="P2_SP00563" HPOS="2006" VPOS="3406" WIDTH="9"/>
							<String ID="P2_ST00666" HPOS="2015" VPOS="3388" WIDTH="30" HEIGHT="17" CONTENT="the" WC="0.98" CC="113" STYLEREFS="TXT_28"/>
							<SP ID="P2_SP00564" HPOS="2045" VPOS="3406" WIDTH="10"/>
							<String ID="P2_ST00667" HPOS="2055" VPOS="3390" WIDTH="92" HEIGHT="17" CONTENT="Missions," WC="1.00" CC="212103022" STYLEREFS="TXT_28"/>
							<SP ID="P2_SP00565" HPOS="2147" VPOS="3407" WIDTH="12"/>
							<String ID="P2_ST00668" HPOS="2159" VPOS="3394" WIDTH="17" HEIGHT="12" CONTENT="m" WC="0.55" CC="4" STYLEREFS="TXT_29"/>
							<SP ID="P2_SP00566" HPOS="2176" VPOS="3407" WIDTH="9"/>
							<String ID="P2_ST00669" HPOS="2185" VPOS="3388" WIDTH="31" HEIGHT="18" CONTENT="the" WC="0.98" CC="113" STYLEREFS="TXT_28"/>
							<SP ID="P2_SP00567" HPOS="2216" VPOS="3407" WIDTH="10"/>
							<String ID="P2_ST00670" HPOS="2226" VPOS="3389" WIDTH="113" HEIGHT="22" CONTENT="Hnlippint's" WC="0.79" CC="92012410211" STYLEREFS="TXT_28"/>
						</TextLine>
					</TextBlock>
				</ComposedBlock>
			</PrintSpace>
		</Page>
	</Layout>
</alto>
