2909 3779
265 323 25 26 2.
316 323 88 26 When
428 330 55 18 was
508 323 45 25 the
576 322 60 25 first
661 322 130 25 Carnival
817 321 102 31 parade
943 321 26 24 in
995 321 66 25 New

246 360 134 27 Orleans?

282 399 34 24 A.
333 398 65 25 1837

282 435 113 25 8.1900

282 472 114 27 C.1935

283 518 34 25 A.
342 517 57 26 The
424 516 60 27 first
509 516 132 27 recorded
664 515 131 27 Carnival
818 515 104 32 parade
945 515 26 25 in
995 515 66 26 New

245 554 118 27 Orleans
382 562 54 18 was
455 554 26 26 in
504 554 77 27 1837.
602 554 20 25 It
641 553 138 26 consisted
800 552 32 26 of
850 552 122 26 maskers
990 559 54 18 mar-

244 592 83 31 ching
343 599 37 18 on
398 592 72 30 foot,
487 591 134 26 mounted
636 598 38 18 on
690 590 153 26 horseback
860 589 54 26 and
931 589 88 32 riding
1035 589 26 25 in

245 629 147 32 carriages.
417 629 59 26 The
500 628 74 26 main
598 628 104 25 throws
726 635 70 18 were
818 626 126 31 cookies,
968 626 92 30 cakes,

246 666 95 32 apples
353 666 54 26 and
418 673 127 24 oranges.

300 718 27 26 3.
343 718 98 25 Which
456 718 88 24 krewe
558 717 102 25 started
675 717 44 25 the
735 716 131 25 tradition
880 716 32 25 of
927 715 134 32 throwing

246 754 86 32 cups?

283 792 35 25 A.
332 791 123 26 Bacchus

284 829 30 24 B.
327 828 91 26 Mardi
430 828 71 25 Gras

282 865 34 26 C.
329 864 62 27 Alia

283 909 30 26 B.
332 908 57 27 The
406 909 94 26 Krewe
516 907 34 27 of
564 907 91 27 Mardi
672 907 81 30 Gras,
771 914 16 19 a
804 906 126 27 Metairie
946 906 114 31 parade,

246 946 103 26 started
377 945 137 31 throwing
542 945 46 26 the
614 951 68 25 cups
711 944 26 25 in
770 944 65 25 1975
865 943 47 26 but
942 942 118 32 stopped

247 983 117 26 because
387 982 99 32 people
508 982 90 25 didn't
623 981 81 26 know
727 980 71 27 what
823 980 45 27 the
889 987 67 25 cups
979 987 80 19 were.

248 1019 199 32 Parade-goers
461 1019 117 32 thought
593 1018 46 26 the
652 1018 86 26 riders
752 1025 68 19 were
832 1018 56 31 just
901 1016 105 33 getting
1020 1016 40 26 rid

246 1057 34 26 of
289 1057 45 26 the
344 1064 69 24 cups
424 1056 58 26 that
495 1056 64 32 they
570 1056 54 26 had
636 1056 69 25 been
716 1055 130 31 drinking
857 1059 47 21 out
916 1054 42 26 of.
972 1054 22 25 It
1006 1062 55 17 was

247 1095 45 25 the
306 1095 95 25 Krewe
415 1093 33 27 of
461 1093 63 26 Alia
538 1093 58 26 that
612 1092 206 27 re-introduced
832 1092 45 25 the
890 1091 89 26 throw
993 1098 68 24 cups

246 1132 54 25 and
321 1131 82 26 made
421 1131 76 25 them
518 1130 129 32 popular.
669 1130 81 26 More
768 1129 66 27 than
855 1129 99 30 76,000
973 1128 88 26 throw

246 1177 67 23 cups
338 1176 46 18 are
409 1168 110 26 thrown
544 1167 67 27 each
638 1167 130 26 Carnival
795 1167 34 31 by
856 1166 45 26 the
927 1165 134 33 parading

245 1205 208 33 organizations
464 1205 26 26 in
503 1205 65 26 New
579 1201 118 30 Orleans
707 1205 55 25 and
774 1203 135 27 Metairie.

297 1272 25 25 4.
335 1271 98 25 Which
444 1271 22 25 is
476 1271 45 25 the
532 1271 88 24 oldest
632 1270 90 25 krewe
732 1270 27 24 in
771 1270 65 24 New
847 1268 135 26 Orleans?

280 1310 34 24 A.
327 1309 56 25 Rex

280 1346 30 25 B.
322 1346 107 25 Comus

279 1383 33 29 C.
326 1382 123 27 Bacchus

280 1428 29 25 B.
335 1426 58 27 The
418 1426 59 27 first
503 1426 89 27 krewe
615 1433 55 19 was
695 1426 46 25 the
764 1424 120 33 Mystick
909 1425 96 25 Krewe
1027 1423 34 27 of

243 1465 106 26 Comus
361 1464 88 26 which
461 1471 55 19 was
527 1463 149 32 organized
688 1463 26 25 in
731 1463 75 25 1857.
819 1462 59 25 The
889 1461 168 32 organizers,

244 1502 72 25 from
345 1500 117 31 Mobile,
490 1500 75 31 Ala.,
592 1500 84 26 chose
703 1499 45 27 the
774 1506 82 19 name
883 1498 73 27 from
984 1498 73 27 John

244 1538 127 26 Milton's
384 1545 82 25 poem
479 1537 116 27 Comus.
608 1537 59 26 The
680 1537 88 26 krewe
779 1536 84 26 chose
874 1541 29 20 to
916 1535 103 32 parade
1031 1539 25 21 at

244 1575 75 32 night
331 1581 29 20 to
370 1575 62 26 lend
443 1582 35 19 an
489 1574 40 26 air
539 1574 34 26 of
581 1573 150 32 mysticism
742 1578 30 21 to
782 1573 46 26 the
838 1572 171 32 procession.

297 1636 26 26 5.
336 1636 87 24 When
434 1642 56 18 was
501 1635 56 24 Rex
568 1634 147 32 organized
727 1634 54 25 and
793 1632 78 32 why?

281 1673 33 24 A.
331 1672 75 30 1857,
418 1675 30 22 to
457 1671 61 31 give
527 1671 107 26 Comus
645 1678 15 18 a
671 1677 50 19 run
734 1669 44 27 for
788 1669 33 27 its
833 1676 110 25 money.

281 1709 29 26 B.
327 1709 76 29 1860,
415 1713 29 21 to
455 1708 40 26 fill
506 1712 48 22 out
566 1707 44 26 the
621 1707 103 32 parade
735 1706 128 27 schedule

281 1746 32 26 C.
330 1746 76 29 1872,
417 1750 30 21 to
458 1745 90 26 honor
558 1752 16 18 a
584 1744 74 26 duke

282 1790 34 26 C.
329 1789 58 26 The
401 1788 117 26 Russian
531 1788 96 26 Grand
641 1788 80 25 Duke
733 1787 93 26 Alexis
838 1795 55 18 was
905 1786 112 32 coming
1029 1791 29 21 to

248 1827 66 24 New
341 1825 118 26 Orleans
486 1824 98 32 during
610 1824 142 30 Carnival,
780 1824 55 25 and
862 1831 78 18 some
966 1830 94 24 young

249 1862 188 27 businessmen
457 1861 113 26 decided
592 1865 28 21 to
640 1860 128 31 organize
787 1868 16 18 a
822 1860 53 31 day
894 1859 103 31 parade
1017 1859 44 25 for

1099 795 90 26 Mardi
1210 796 72 25 Gras
1303 795 26 25 in
1350 795 42 25 his
1412 795 101 26 honor.
1536 796 75 31 They
1630 796 84 26 chose
1734 803 17 19 a
1772 795 64 32 king
1856 796 55 26 and

1097 832 86 26 called
1195 832 56 25 him
1265 832 66 30 Rex,
1342 831 89 26 which
1442 831 21 27 is
1475 832 79 26 Latin
1567 832 44 26 for
1622 832 74 32 king.

1150 884 27 26 6.
1201 884 82 26 What
1306 884 22 26 is
1349 884 45 25 the
1416 891 82 19 name
1519 884 33 26 of
1573 884 46 26 the
1640 884 80 27 black
1743 885 88 25 krewe
1853 885 58 26 that

1098 922 117 31 parades
1231 928 36 18 on
1285 921 92 26 Mardi
1394 921 83 30 Gras,
1495 922 54 25 and
1567 922 73 25 what
1657 929 45 18 are
1719 923 62 29 they
1799 922 112 25 famous

1097 959 46 25 for
1154 959 153 32 throwing?

1133 996 34 26 A.
1180 995 82 31 Zulu;
1274 1000 135 22 coconuts

1132 1033 31 26 B.
1176 1033 147 30 Choctaw;
1336 1033 97 27 Indian
1444 1033 85 27 beads

1132 1071 34 26 C.
1177 1071 145 29 Okeanos;
1334 1070 101 33 special
1445 1078 68 24 cups

1133 1115 35 25 A.
1186 1114 70 27 Zulu
1273 1122 55 19 was
1343 1114 148 32 organized
1508 1114 27 26 in
1555 1115 66 26 1909
1636 1119 29 22 to
1680 1115 93 26 mimic
1790 1116 65 25 Rex.
1874 1116 36 24 Its

1098 1151 59 26 first
1173 1151 64 32 king
1252 1159 74 19 wore
1338 1159 15 18 a
1368 1151 58 26 lard
1441 1159 50 18 can
1506 1159 92 18 crown
1613 1151 55 26 and
1682 1151 104 26 carried
1801 1159 16 18 a
1830 1159 64 18 corn-

1097 1188 69 27 stalk
1182 1196 29 19 as
1226 1188 41 27 his
1281 1193 115 28 sceptre.
1411 1188 70 27 Zulu
1496 1188 21 27 is
1530 1188 46 27 the
1589 1188 66 33 only
1669 1188 88 27 krewe
1770 1188 58 27 that
1842 1188 67 27 does

1097 1231 48 21 not
1158 1233 71 18 wear
1241 1226 93 26 masks
1391 1226 33 26 its
1436 1226 136 26 members
1585 1226 75 31 paint
1674 1225 68 26 their
1755 1226 83 26 faces.
1851 1225 58 26 The

1098 1263 88 25 krewe
1203 1262 21 26 is
1243 1262 110 26 famous
1372 1262 44 26 for
1433 1262 136 32 throwing
1585 1262 91 32 gilded
1693 1267 134 21 coconuts
1845 1262 62 26 with

1096 1299 108 32 glittery
1214 1299 119 32 designs.

1151 1351 26 25 7.
1197 1351 82 25 What
1298 1351 23 25 is
1340 1351 46 25 the
1403 1351 109 25 official
1532 1351 91 25 theme
1640 1358 70 25 song
1729 1351 32 25 of
1779 1351 55 25 Rex
1854 1351 53 25 and

1097 1387 78 32 why?

1132 1425 34 25 A.
1323 1424 36 26 les
1371 1425 60 25 Bon
1442 1425 100 31 Temps

1132 1462 30 24 B.
1234 1461 70 26 Ever
1315 1462 9 24 I
1336 1462 88 25 Cease
1434 1465 29 22 to

1130 1498 34 26 C.
1276 1497 55 27 and
1342 1498 48 26 Let

1131 1542 30 25 B.
1175 1541 57 27 The
1245 1541 92 27 theme
1348 1541 22 27 is
1382 1549 16 19 a
1410 1547 65 21 tune
1487 1541 88 27 which
1590 1542 54 26 Rex
1656 1541 84 27 chose
1751 1547 30 20 to
1793 1541 113 26 become

1094 1578 40 27 his
1149 1579 123 26 anthem.
1289 1580 22 24 It
1326 1578 22 26 is
1363 1579 73 25 from
1450 1586 16 18 a
1480 1578 123 26 musicial
1618 1579 117 31 comedy
1750 1578 74 26 titled
1839 1579 68 25 Blue

1094 1616 90 26 Beard
1193 1616 88 25 which
1293 1615 98 32 played
1403 1615 26 26 in
1441 1616 66 25 New
1517 1615 117 26 Orleans
1645 1615 67 26 until
1728 1616 74 25 1887.

1147 1668 25 26 8.
1185 1668 97 25 Which
1293 1675 56 18 was
1360 1668 45 25 the
1416 1668 60 25 first
1487 1668 135 25 women's
1632 1668 107 25 krewe?

1129 1706 34 25 A.
1176 1705 93 25 Venus

1129 1743 31 25 B.
1172 1742 170 31 Shangri-La

1128 1779 34 27 C.
1176 1779 75 27 Rhea

1131 1824 35 25 A.
1178 1823 59 26 The
1250 1823 59 26 first
1323 1823 135 26 women's
1470 1823 89 26 krewe
1572 1831 55 18 was
1640 1823 103 31 Venus,
1756 1823 148 32 organized

1095 1860 26 25 in
1137 1861 74 24 1941.

1995 322 26 26 9.
2045 322 98 26 Which
2167 329 55 18 was
2245 321 44 25 Ihe
2313 321 60 25 first
2397 321 191 31 organization
2612 323 29 22 to
2664 321 88 24 throw

1941 359 160 26 doubloons
2111 359 100 31 during
2220 359 34 24 its
2265 357 119 32 parade?

1978 397 34 25 A.
2024 396 106 25 Comus

1978 433 30 26 B.
2022 433 114 26 Proteus

1977 470 33 27 C.
2023 470 73 26 Rex'

1976 514 34 27 C.
2025 514 58 26 The
2098 513 58 26 first
2171 513 191 32 organization
2377 517 29 21 to
2421 512 88 26 throw
2522 511 161 27 doubloons
2697 519 55 18 was

1943 552 65 25 Rex.
2026 552 29 24 In
2074 551 76 29 1960,
2166 550 33 26 its
2213 549 137 27 members
2366 549 83 26 threw
2465 548 64 32 gold
2545 548 135 27 anodized
2697 547 54 27 and

1940 587 79 26 silver
2049 587 170 26 doubloons.
2251 586 108 32 Today,
2391 586 45 26 the
2465 585 191 33 organization
2686 585 66 31 only

1940 625 104 26 throws
2057 625 65 32 gold
2138 624 135 27 anodized
2288 623 171 27 doubloons.
2476 624 80 25 More
2571 623 66 25 than
2653 622 99 30 91,000

1940 661 160 27 doubloons
2113 669 46 18 are
2171 661 107 26 thrown
2291 660 67 26 each
2371 659 129 27 Carnival
2514 659 34 32 by
2560 659 46 26 the
2618 658 134 33 parading

1940 698 206 32 organizations
2157 698 26 26 in
2195 699 66 25 New
2272 697 116 27 Orleans
2399 696 54 27 and
2465 696 135 26 Metairie.

1983 774 41 25 10.
2036 774 98 24 Which
2144 774 22 24 is
2176 774 45 24 the
2231 774 97 30 largest
2340 773 88 24 krewe
2439 774 29 22 to
2479 771 118 30 parade?

1980 811 35 26 A.
2029 810 122 26 Bacchus

1980 848 32 25 B.
2023 847 156 32 Endymion

1979 885 34 27 C.
2027 885 55 26 Rex

1979 929 32 26 B.
2028 928 57 27 The
2101 928 94 27 Krewe
2211 928 33 26 of
2258 927 168 32 Endymion,
2443 927 64 25 with
2527 927 79 30 1,110
2620 926 95 30 riders,
2732 926 21 25 is

1944 967 45 26 the
1999 966 97 32 largest
2108 966 88 25 krewe
2206 970 30 21 to
2247 965 112 32 parade.
2371 964 58 26 The
2440 964 88 26 krewe
2539 972 55 17 was
2604 963 148 32 organized

1944 1004 26 25 in
1986 1004 66 26 1966
2064 1003 54 26 and
2131 1003 49 26 has
2192 1003 54 26 had
2259 1001 151 28 celebrities
2421 1009 30 19 as
2463 1001 33 27 its
2508 1001 86 32 grand
2608 1000 143 27 marshals.

1943 1041 65 26 This
2018 1049 74 23 year,
2105 1040 67 26 Paul
2183 1041 83 25 Anka
2277 1039 21 27 is
2309 1039 45 27 the
2363 1039 86 32 grand
2462 1039 130 26 marshal.
2606 1039 146 29 However,

1944 1078 45 27 the
2002 1078 94 26 Krewe
2108 1077 34 27 of
2154 1077 134 30 Bacchus,
2302 1076 88 26 which
2404 1083 55 19 was
2470 1076 149 31 organized
2632 1075 26 25 in
2676 1076 76 29 1968,

1944 1123 54 19 was
2009 1116 45 25 the
2065 1115 58 26 first
2135 1115 88 26 krewe
2233 1119 30 21 to
2275 1114 106 26 feature
2391 1121 16 18 a
2416 1113 129 31 celebrity
2557 1112 26 26 in
2595 1112 32 26 its
2639 1112 112 32 parade.

1942 1152 66 26 This
2018 1152 88 31 year's
2118 1152 122 25 Bacchus
2251 1151 21 26 is
2283 1150 74 27 John
2370 1150 95 27 Ritter.

1940 1235 124 32 Scoring:

1974 1278 82 26 From
2069 1279 73 31 eight
2158 1282 29 22 to
2203 1279 32 25 10
2246 1282 117 22 correct:
2377 1279 77 25 Your
2469 1278 117 26 favorite
2598 1278 92 26 colors
2703 1286 46 18 are

1939 1315 106 32 purple,
2067 1323 81 24 green
2170 1315 54 27 and
2247 1315 76 33 gold;
2347 1323 54 24 you
2424 1315 40 32 tip
2485 1315 52 27 cab
2558 1315 103 27 drivers
2684 1315 63 26 with

2128 1353 54 25 and
2201 1360 55 24 you
2276 1352 77 26 think
2373 1352 130 26 Carnival
2522 1352 85 26 beads
2625 1360 46 18 are
2689 1353 61 25 chic

1935 1389 149 32 plastique.

1973 1434 82 24 From
2076 1434 55 25 five
2150 1436 30 23 to
2199 1441 80 18 seven
2299 1436 117 23 correct:
2437 1434 105 25 You're
2560 1433 131 31 certainly
2712 1441 36 18 no

1936 1475 92 27 expert
2045 1477 37 20 on
2100 1470 45 27 the
2161 1470 130 27 Carnival
2309 1469 143 31 tradition,
2470 1470 48 26 but
2536 1470 79 26 don't
2633 1470 61 32 give
2711 1478 36 24 up

1937 1507 82 32 hope.
2041 1507 26 26 If
2083 1514 54 25 you
2156 1508 112 26 forsake
2286 1507 35 26 all
2338 1507 55 26 else
2410 1512 29 21 to
2457 1507 81 32 study
2557 1514 68 25 your
2643 1508 104 25 Arthur

1937 1544 96 31 Hardy
2049 1544 95 26 Mardi
2160 1545 72 25 Gras
2247 1544 91 26 Guide
2354 1544 73 25 from
2445 1552 63 18 now
2525 1544 67 26 until
2608 1544 139 31 Tuesday,

1936 1589 54 24 you
2010 1580 99 27 should
2129 1581 33 26 be
2181 1581 61 26 able
2261 1585 29 22 to
2309 1581 81 26 make
2409 1580 17 27 it
2447 1585 29 22 to
2495 1581 58 26 Ash
2574 1581 173 32 Wednesday

1936 1618 115 26 without
2062 1618 175 32 committing
2247 1625 53 25 any
2310 1625 82 24 grave
2402 1618 84 26 social
2496 1625 100 19 errors.

1972 1663 81 25 From
2065 1669 63 19 zero
2140 1665 29 23 to
2181 1663 66 25 four
2257 1665 116 23 correct:
2385 1662 70 26 Give
2466 1662 18 26 it
2498 1669 46 24 up.
2557 1662 113 26 There's
2680 1662 67 32 only

1935 1707 54 18 one
2013 1699 77 32 thing
2116 1699 47 26 left
2190 1699 44 27 for
2259 1707 54 24 you
2340 1704 29 21 to
2393 1699 49 26 do:
2468 1699 143 26 Consume
2636 1699 109 26 alcohol

1935 1736 183 32 (responsibly
2130 1736 55 26 and
2198 1736 25 26 in
2236 1736 187 31 moderation,
2435 1736 34 26 of
2478 1738 110 29 course)
2598 1736 55 26 and
2665 1736 79 26 don't

1935 1774 83 32 speak
2032 1779 29 21 to
2073 1781 54 25 any
2139 1773 34 27 of
2184 1774 45 26 the
2242 1773 104 27 natives
2359 1773 86 27 about
2459 1773 45 27 the
2517 1773 116 33 parades
2647 1781 31 19 so
2691 1781 54 24 you

1935 1818 63 25 may
2023 1811 62 26 hide
2109 1818 69 24 your
2202 1812 149 31 ignorance
2375 1811 54 26 and
2453 1811 82 26 avoid
2561 1811 106 26 further
2690 1818 38 19 em-

1935 1848 196 25 barrassment.

1187 359 78 34 For
1281 358 65 35 the
1366 358 68 35 IV2
1452 357 149 35 million
1616 358 144 44 people
1779 357 85 35 who

1141 410 74 37 will
1253 410 103 45 pack
1403 409 226 37 themselves
1672 408 83 37 into
1801 409 65 36 the

1138 463 144 36 French
1303 463 163 45 Quarter
1480 472 47 25 or
1540 463 117 35 stand
1669 462 118 44 along
1802 463 64 35 the

1137 521 133 31 streets
1293 543 10 9 .
1326 542 10 10 .
1358 542 10 10 .
1401 515 182 44 Tuesday,
1612 515 112 44 being
1746 526 24 25 a
1789 525 75 34 pro

1138 570 38 36 in
1198 596 9 10 .
1231 596 9 10 .
1264 596 8 10 .
1303 568 136 37 Trivial
1456 569 156 36 Pursuit
1634 578 83 26 won
1728 568 25 36 V
1771 579 92 25 even

1135 629 65 39 get
1212 633 80 33 you
1309 634 24 24 a
1349 632 75 35 cup
1441 621 51 45 of
1502 622 156 43 chicory
1673 621 131 46 coffee
1821 631 45 26 or

1138 687 22 25 a
1173 686 71 26 can
1259 675 50 45 of
1316 675 121 36 Dixie.

2479 81 21 8 -
2691 81 3 11 -
2702 85 14 6 *.

2373 110 204 38 February
2589 114 151 32 7,1986

250 115 165 34 14

1382 113 64 37 fty
1454 114 70 29 MA
1527 116 128 29 ROOK

245 214 232 48 Carnival

2371 218 162 28 Continued
2534 221 82 33 from
2623 230 73 24 page
2707 224 32 26 13

244 2275 119 118 It
857 2221 437 172 Jlardi
1355 2261 119 119 X

243 2409 118 54 n&f
1357 2397 117 54 *W-*

244 2476 119 54 r-Mr
993 2441 184 88 Mr
1188 2463 125 62 as

244 2546 119 52 rrt*
1357 2532 117 54 *^

244 2613 117 53 rtfjr
1355 2600 119 54 *W*

1037 2657 264 95 1986

238 3091 118 119 3J
702 3084 74 105 \
844 3108 193 61 "'
1044 3111 44 58 T
1159 3108 78 61 Ml
1352 3074 122 122 X

238 3221 116 56 rfar
754 3203 66 86 \
839 3203 491 81 fftamingos
1352 3208 120 56 *1^

237 3289 118 48 f-*kyp
475 3296 63 21 WO*
566 3295 82 20 OTU
665 3296 87 19 WMWI
790 3284 33 31 1
823 3298 8 17 k
930 3289 24 26 e
958 3276 217 55 afe&bar
1351 3278 120 56 4^v

971 3342 54 23 16M
1033 3342 36 23 ST.
1077 3342 121 23 CHARLES
1206 3342 105 22 AVENUE

1562 2575 1189 217 miainwM^PQl

2134 2784 158 26 Hl^^i:;.
2297 2797 11 13 g.
2315 2799 5 3 .
2336 2784 77 26 J^^H

1824 2875 62 24 MMU
1891 2875 37 24 BROS
1939 2874 201 25 PresentsHMKN/SYLKIT
2147 2875 92 26 nmUCIKW
2254 2876 10 24 A
2270 2876 64 25 MKHAL
2341 2876 55 26 BIO*
2402 2876 35 26 FIM

2077 2909 101 26 CaHWHM

1604 2943 86 25 mouir
1708 2944 48 25 lAMES
1762 2944 47 25 KEACH
1826 2944 66 26 SNOOK
1899 2944 47 26 KIIT2
1960 2944 80 25 PrarfuctMn
2046 2945 66 30 Dcsi(in4
2119 2946 16 29 b?
2141 2945 40 25 MMS
2187 2946 46 24 LEVEN
2249 2947 45 23 Mnc
2300 2947 16 28 by
2322 2947 42 23 NMK
2371 2947 71 24 NDLMSKI
2449 2947 10 24 &
2466 2948 48 25 JAMES
2520 2948 64 25 KENION
2591 2948 61 26 HOMUD

1563 3018 36 7 _
1742 3010 28 15 o
2054 2983 55 25 WnttM
2115 2984 17 29 by
2137 2983 37 26 EZRA
2179 2984 48 25 SMXS
2241 2984 215 30 DncMbyKIUELfITME

1895 3030 261 20 i-)
2669 3030 31 39 $

1718 3122 275 73 *FREE
2021 3122 519 78 ADMSSION*

1807 3235 303 50 McAlister
2130 3238 335 49 Auditorium

1967 3300 205 36 McAlister
2190 3303 113 35 Drive

1947 3351 141 37 Tulane
2108 3353 211 44 University

1845 3458 260 44 Wednesday,
2124 3460 195 44 February
2341 3462 79 36 12th

2027 3510 86 36 840
2131 3511 101 36 P.M.

1654 3581 138 36 Seating
1806 3583 32 28 is
1851 3583 133 30 limited
1997 3586 35 27 to
2047 3585 168 36 capacity.
2231 3585 124 31 Pleas*
2369 3588 116 28 arrive
2501 3588 106 34 early.
