2881 3740
179 162 437 144 Rarity
660 162 589 144 plentiful
1293 162 129 118 in
1476 161 460 145 special
1984 162 674 122 collection

432 378 36 30 By
480 378 76 25 Scoll
568 378 143 25 Lemonier

332 415 136 25 Assistant
478 414 63 30 Life
549 414 57 26 and
618 414 87 25 Times
715 413 91 25 Editor

204 493 116 32 They're
338 494 45 25 the
401 494 89 25 books
510 494 56 25 that
587 493 45 26 the
649 499 125 24 average,
794 498 31 19 or
844 498 65 19 even
930 491 44 26 the

168 530 226 33 above-average,
437 531 108 26 student
587 530 91 27 would
720 529 86 31 rarely
847 528 126 26 consider

168 568 131 31 checking
310 572 57 22 out.

204 606 73 25 Even
310 605 23 25 if
362 605 44 26 the
438 606 90 25 books
560 605 26 25 in
619 605 45 25 the
696 603 105 32 Loyola
836 602 138 32 Library's

168 643 178 31 Department
375 642 33 27 of
433 641 105 33 Special
565 641 168 27 Collections
759 640 55 26 and
842 639 131 27 Archives

168 679 82 26 could
266 680 33 25 be
314 680 118 25 checked
448 684 48 21 out
513 679 52 26 like
580 679 129 30 ordinary
726 677 100 30 books,
844 685 82 23 many
942 676 33 26 of

168 716 73 26 them
275 717 91 25 would
400 717 103 25 seldom
538 716 74 26 leave
644 715 68 26 their
745 714 81 26 shelf.
863 713 110 27 Neither

444 762 15 17 a
477 753 185 31 15th-century
674 757 190 26 commentary
877 758 36 19 on
929 751 44 26 the

169 791 77 26 Book
269 791 33 26 of
323 790 115 31 Psalms,
460 798 50 19 nor
532 790 45 26 the
599 790 154 31 University
775 789 132 25 Archives
928 796 46 18 are

167 828 104 31 exactly
290 828 159 26 candidates
470 828 43 25 for

168 864 152 26 selections.

204 902 144 30 However,
371 902 78 31 Mary
470 902 51 26 Lee
542 902 97 30 Sweat,
661 900 69 27 head
752 900 139 30 librarian,
913 899 58 26 said

168 946 76 18 some
265 939 34 25 of
319 939 44 25 the
385 939 198 31 department's
605 938 126 31 holdings
754 937 85 31 might
863 937 108 25 interest

168 975 132 26 students.
439 983 45 18 are
499 975 77 26 items
590 976 58 25 that
663 974 90 26 would
770 974 33 26 be
817 973 33 27 of
863 973 108 26 interest

167 1016 29 22 to
208 1012 123 26 students
343 1012 97 32 simply
452 1013 115 25 because
578 1012 33 26 of
621 1012 67 26 their
700 1012 101 30 beauty
812 1018 31 18 or

167 1049 47 26 she
224 1049 68 26 said.

202 1099 60 26 One
278 1099 65 26 such
360 1099 62 26 item
439 1099 21 26 is
476 1099 44 26 the
535 1099 114 32 original
665 1099 168 31 manuscript
849 1098 34 26 of
897 1098 72 26 John

168 1136 130 31 Kennedy
321 1136 111 26 Toole's
453 1138 23 23 A
502 1136 191 31 Confederacy
715 1135 37 32 of
770 1136 119 25 Dunces.
913 1134 57 26 The

167 1173 166 31 manuscript
361 1172 22 27 is
411 1177 58 27 part
497 1173 34 26 of
555 1173 44 26 the
626 1174 66 25 New
720 1172 116 26 Orleans
863 1172 108 26 Review

167 1210 165 30 Collection,
379 1210 86 26 which
512 1210 21 25 is
579 1210 149 32 composed
776 1210 33 25 of
853 1209 115 31 original

167 1247 181 31 manuscripts
371 1247 33 25 of
424 1246 96 26 stories
542 1247 53 25 and
617 1254 90 24 essays
730 1246 56 25 that
811 1246 68 25 have
902 1246 66 25 been

167 1283 143 32 published
322 1283 25 26 in
359 1284 44 25 the
413 1283 151 32 magazine.

205 1338 117 25 Because
334 1337 33 25 of
377 1337 67 25 their
456 1336 114 26 delicate
581 1336 141 26 condition
735 1336 54 25 and
802 1335 67 25 their
882 1335 89 29 value,

168 1375 66 25 both
252 1379 142 25 monetary
410 1374 53 25 and
480 1373 118 31 literary,
614 1374 45 24 the
674 1373 89 25 books
778 1380 46 18 are
839 1371 133 26 available

167 1411 65 31 only
248 1411 85 25 under
349 1410 45 26 the
409 1409 169 33 supervision
594 1410 33 26 of
641 1409 99 32 library
756 1408 145 33 personnel
917 1408 54 26 and

167 1453 100 22 cannot
283 1448 73 26 leave
370 1448 44 25 the
427 1447 108 32 library.
552 1447 48 26 But
615 1452 69 21 most
698 1447 33 25 of
742 1447 44 25 the
799 1446 98 31 people
910 1446 62 25 who

168 1493 46 19 use
237 1486 73 25 them
333 1492 45 18 are
401 1484 166 26 researchers
590 1484 53 25 and
668 1483 146 26 historians
838 1483 62 25 who
924 1490 32 18 un-

167 1522 129 26 derstand
313 1521 68 26 their
397 1521 87 26 value.
616 1521 77 25 value
709 1520 73 26 them
799 1527 30 19 as
845 1519 80 27 much
943 1527 28 18 as

168 1567 38 18 we
300 1559 86 26 Sweat
398 1558 68 26 said.

206 1624 41 26 Of
277 1631 106 23 course,
417 1624 74 25 there
522 1630 45 19 are
599 1631 76 18 some
707 1623 78 25 items
818 1622 57 25 that
908 1629 66 18 even

170 1661 167 26 researchers
352 1660 53 26 and
422 1660 147 26 historians
584 1659 90 27 would
690 1660 34 25 be
738 1658 192 32 hard-pressed
946 1662 29 22 to

170 1702 48 27 put
237 1702 29 21 to
284 1697 128 32 practical
432 1705 56 18 use.
508 1697 52 26 For
577 1696 133 33 example,
730 1704 15 18 a
764 1696 56 32 flag
840 1696 71 25 from
930 1695 45 26 the

171 1734 87 26 Battle
273 1734 34 26 of
322 1734 58 26 Bull
398 1734 71 30 Run,
486 1734 132 31 although
634 1741 34 19 an
685 1732 116 27 unusual
817 1732 121 30 artifact,
955 1731 20 26 is

170 1771 86 32 rarely
269 1771 153 32 requested.
560 1778 85 19 seems
659 1775 28 21 to
700 1770 70 25 have
783 1769 67 26 been
864 1776 16 19 a
893 1768 37 27 lot
944 1768 33 26 of

1005 361 78 26 those
1096 360 91 32 [flags]
1201 359 72 25 from
1286 358 56 25 that
1486 356 87 26 Sweat
1585 354 68 27 said.
1757 354 57 25 that

1005 398 53 25 this
1068 404 53 18 one
1132 396 63 26 isn't
1308 395 46 26 she
1364 393 111 33 quickly
1486 393 100 26 added.

1042 434 63 25 And
1115 433 55 32 just
1182 433 88 26 where
1280 432 37 25 do
1327 432 35 25 all
1374 432 74 24 these
1458 430 165 26 documents
1633 436 79 18 come
1724 428 90 26 from?

1237 470 77 25 when
1348 468 99 32 people
1479 466 54 31 die,
1566 465 248 33 correspondence,

1006 516 98 25 papers
1125 508 54 26 and
1202 507 90 25 books
1314 506 56 25 that
1394 513 45 18 are
1462 509 58 27 part
1544 503 33 27 of
1597 503 45 26 the
1662 507 87 21 estate
1770 509 45 18 are

1005 546 122 26 donated
1147 550 29 20 to
1195 545 45 25 the
1414 542 88 27 Sweat
1522 541 69 26 said.

1049 585 57 25 The
1125 588 71 21 most
1216 587 89 21 recent
1324 582 125 26 addition
1469 586 29 22 to
1517 582 45 26 the
1580 582 172 32 department
1773 581 20 27 is
1811 590 15 18 a

1853 358 145 24 collection
2014 357 33 25 of
2064 358 187 31 18th-century
2267 358 142 31 fore-edge
2425 359 100 29 books,
2542 358 122 26 donated

1854 393 34 32 by
1901 394 24 26 J.
1941 394 89 32 Edgar
2044 395 129 30 Monroe,
2188 395 45 26 the
2247 396 148 25 namesake
2408 396 33 25 of
2453 396 121 25 Monroe
2589 395 73 26 Hall.

1854 431 55 25 The
1928 432 89 26 books
2037 437 41 26 get
2099 432 68 26 their
2187 440 79 18 name
2286 432 72 26 from
2380 432 45 26 the
2443 432 119 27 detailed
2582 437 82 22 water

1852 467 76 26 color
1941 468 136 32 paintings
2091 469 57 26 that
2162 477 45 18 are
2220 469 108 26 located
2342 477 35 18 on
2391 470 46 26 the
2450 470 82 30 sides,
2546 477 32 18 or
2593 470 57 26 fore-

1851 505 91 31 edges,
1962 505 34 26 of
2013 505 45 26 the
2077 514 92 23 pages.
2190 506 63 26 And
2274 506 79 26 while
2372 507 45 25 the
2436 511 111 21 content
2568 507 33 25 of
2619 507 45 25 the

1852 542 89 26 books
1954 550 62 24 may
2027 548 46 20 not
2088 542 32 27 be
2132 543 112 32 unique,
2259 543 16 27 it
2289 543 21 27 is
2322 543 45 27 the
2380 544 100 26 books'
2495 544 101 31 beauty
2608 544 54 26 and

1851 586 49 24 age
1911 579 55 25 that
1979 580 80 25 make
2070 580 73 26 them
2154 580 137 30 valuable,
2303 581 88 26 Sweat
2402 581 70 26 said.

1024 1672 167 32 Pre-Civil
1209 1672 74 30 War
1296 1679 55 22 era
1365 1669 66 38 city
1443 1668 192 32 directories
1642 1667 96 40 form
1750 1671 78 35 part
1841 1666 44 39 of
1894 1666 56 30 the
1962 1664 155 38 library's
2128 1663 127 40 special
2266 1663 177 32 collection
2459 1663 44 38 of
2512 1663 60 31 old
2582 1664 71 30 and

1024 1728 74 23 rare
1108 1718 120 31 books.

2336 1764 102 22 Photo
2447 1766 29 24 hy
2484 1765 65 25 Mary
2558 1766 92 23 Degnan

162 1843 718 152 Marriages
914 1843 491 122 endure
1466 1846 660 122 academic
2163 1843 468 153 affairs

351 2072 37 30 By
400 2072 61 25 Lisa
473 2072 108 24 Francis

299 2109 137 25 Assistant
446 2109 81 24 News
536 2107 96 26 Editor

971 2742 100 31 want
1084 2737 182 43 children,
1286 2740 70 35 but

800 2793 71 30 not
892 2788 102 45 right
1015 2800 120 33 away.
1171 2791 64 36 We
1257 2793 99 35 need

800 2845 41 30 to
869 2851 91 26 save
985 2851 111 27 some
1122 2853 154 34 money.
1309 2845 44 35 In

792 2891 86 46 five
895 2904 122 32 years,
1044 2905 24 25 a
1089 2894 140 44 house;
1251 2896 102 45 eight

795 2955 122 33 years,

1019 3000 161 37 Janel
1189 3002 164 35 Durand

204 2189 122 30 College.

203 2225 166 26 Thousands
394 2223 33 27 of
455 2224 41 26 18-
521 2228 29 21 to
576 2223 183 32 24-year-olds

168 2270 77 24 away
256 2262 72 26 from
341 2262 80 25 home
433 2261 43 25 for
487 2261 44 25 the
543 2260 58 26 first
612 2261 73 26 time.

204 2299 150 31 Fraternity
388 2298 109 31 parties,
533 2297 117 32 sorority
684 2298 74 30 rush,

167 2337 108 26 TGIFs.

204 2374 86 26 Dorm
310 2372 56 30 life,
386 2372 125 31 all-night
530 2372 81 31 study
629 2372 129 30 sessions,

167 2411 130 26 cafeteria
308 2410 78 25 food.

203 2448 78 29 Well,
294 2447 106 30 maybe.

203 2501 34 26 At
271 2499 65 27 least
368 2505 53 19 one
452 2504 88 24 group
572 2496 33 25 of
634 2496 124 25 students

166 2537 171 33 approaches
362 2534 95 27 school
484 2533 72 27 from
581 2532 108 27 outside
713 2532 45 26 the

167 2573 158 29 traditional
337 2571 142 33 collegiate
491 2570 124 32 lifestyle.
629 2570 129 26 Students

167 2612 63 25 who
243 2618 90 24 marry
347 2609 77 26 while
438 2608 63 31 they
513 2615 46 19 are
573 2607 25 25 in
612 2607 101 31 college
727 2614 31 18 or

167 2649 63 26 who
261 2652 75 22 enter
366 2646 102 31 college
500 2644 109 32 already
641 2643 116 27 married

168 2685 106 32 usually
288 2684 74 26 leave
376 2683 44 26 the
656 2680 102 31 college

167 2722 75 33 spirit
261 2720 100 28 behind
379 2720 73 25 them
470 2719 43 25 for
530 2718 45 26 the
591 2717 119 31 stability
727 2716 32 26 of

168 2759 143 31 marriage.

203 2808 137 31 Margaret
353 2805 138 27 Urbanick
503 2804 116 27 married
629 2805 71 26 after
711 2805 46 25 her

166 2845 170 32 sophomore
357 2851 62 24 year
439 2847 26 22 at
487 2842 45 27 the
552 2841 154 33 University
725 2841 34 26 of

167 2883 66 25 New
251 2881 126 30 Orleans,
397 2880 77 26 when
492 2880 48 25 she
557 2886 55 19 was
630 2879 34 25 20
681 2886 76 24 years

165 2919 58 26 old.
238 2919 87 31 Many
336 2916 98 33 people
446 2916 48 26 ask
507 2916 47 25 her
567 2915 22 26 if
599 2915 46 26 she
657 2914 99 27 missed

165 2960 49 22 out
234 2963 37 18 on
292 2955 45 25 the
355 2953 102 32 college
477 2952 94 32 dating
591 2959 87 19 scene.
701 2952 56 25 Her

165 3000 105 18 answer
281 2991 21 27 is
311 2991 100 32 always
422 2997 46 19 no.

311 3029 49 26 the
408 3026 72 27 time
529 3026 131 25 between
710 3032 47 25 my

165 3070 178 28 engagement
366 3064 54 26 and
443 3062 142 33 marriage,
610 3063 8 26 I
641 3062 115 27 worried

165 3103 58 26 that
237 3104 10 25 I
259 3101 92 28 would
364 3102 33 26 be
408 3100 111 32 making
531 3107 16 19 a
559 3099 125 31 mistake,
698 3099 58 26 that

166 3140 42 27 I'd
225 3140 66 27 look
308 3140 69 26 back
393 3138 55 27 and
465 3142 84 27 regret
568 3142 46 20 not
630 3136 94 32 dating
741 3144 15 18 a

165 3178 38 26 lot
222 3177 26 26 in
420 3175 47 26 she
484 3173 68 27 said.
665 3181 62 19 now
746 3173 9 26 1

165 3215 80 26 don't
257 3214 51 26 feel
319 3214 57 25 that
389 3212 55 27 I've
454 3211 99 27 missed
563 3216 60 21 out.

202 3251 74 27 "I'm
307 3250 134 33 probably
618 3249 137 31 Margaret

165 3289 68 27 said.
295 3288 96 27 wasn't
405 3291 59 28 part
477 3286 34 26 of
520 3286 70 26 what
603 3285 79 26 other
693 3285 63 32 girls

164 3333 35 25 go
218 3326 129 31 through.
368 3324 100 31 Dating
486 3331 82 24 many
585 3330 66 25 guys
669 3330 87 19 seems

165 3364 65 26 fake
240 3371 16 18 a
266 3363 37 25 lot
314 3362 34 26 of
356 3361 89 31 times,
456 3360 54 27 and
523 3361 8 25 I
542 3360 134 26 wouldn't
688 3360 68 26 have

165 3400 72 27 liked
253 3399 100 33 myself
367 3398 105 32 dating.
491 3398 40 26 I'd
550 3398 89 26 rather
656 3397 67 26 have
740 3405 16 18 a

165 3437 99 33 special
275 3435 178 32 relationship
463 3435 63 25 with
537 3442 53 19 one

200 3475 57 26 Her
275 3472 127 28 husband
422 3473 85 25 Bruce
526 3479 55 19 was
600 3471 109 33 already
728 3471 27 27 in

164 3512 45 26 the
235 3510 123 28 business
385 3509 85 27 world
497 3509 77 26 when
601 3509 62 32 they
689 3514 66 21 met.

292 3547 70 28 we'd
378 3554 35 24 go
430 3551 30 21 to
476 3546 46 26 the
539 3546 48 26 bar
604 3551 26 21 at
648 3545 107 31 school,

165 3585 41 27 I'd
221 3586 34 26 be
270 3585 27 26 in
312 3584 63 27 blue
387 3583 78 32 jeans
480 3583 55 27 and
550 3590 90 25 penny
654 3582 102 27 loafers

800 2055 78 26 while
901 2055 33 26 he
957 2062 72 19 wore
1051 2062 15 19 a
1089 2055 123 25 business
1347 2055 46 26 she

799 2091 68 26 said.

836 2128 137 32 Margaret
1002 2128 46 26 did
1078 2133 47 21 not
1155 2128 75 26 mind
1260 2128 57 26 that
1347 2128 46 26 her

799 2165 127 26 husband
951 2172 55 19 was
1029 2165 77 26 older
1130 2165 66 26 than
1222 2165 46 26 her
1291 2165 102 31 college

801 2201 112 26 friends.
1051 2201 69 26 we'd
1133 2209 35 24 go
1180 2206 48 21 out
1243 2201 18 26 it
1274 2209 54 18 was
1342 2201 51 26 like

799 2244 54 20 two
874 2238 103 27 friends
996 2238 82 32 going
1202 2238 48 27 she
1269 2238 69 27 said.

798 2275 82 26 could
896 2276 55 25 talk
968 2276 85 25 about
1071 2283 44 24 my
1130 2275 99 26 classes
1245 2275 64 26 with
1326 2276 67 30 him,

798 2313 54 25 and
864 2313 33 25 he
907 2320 77 18 came
994 2317 29 21 to
1034 2321 44 23 my
1088 2312 96 26 school

835 2362 121 26 Married
968 2362 124 26 students
1104 2362 60 26 deal
1178 2363 64 25 with
1256 2371 137 23 pressures

798 2399 54 26 and
868 2398 223 33 responsibilities
1106 2404 46 22 not
1166 2400 177 31 experienced
1359 2401 34 31 by

798 2436 85 31 single
907 2437 133 26 students.
1065 2437 75 31 They
1164 2442 72 21 must
1261 2437 91 32 adjust
1377 2445 16 19 a

798 2473 117 26 married
939 2474 178 32 relationship
1141 2479 29 21 to
1193 2475 46 26 the
1263 2475 129 26 financial

797 2510 84 26 strain
900 2511 54 25 and
972 2510 151 27 emotional
1142 2516 80 21 stress
1240 2513 151 25 connected

797 2547 64 26 with
877 2547 80 33 being
973 2547 25 27 in
1014 2548 106 27 school.
1136 2548 76 32 They
1227 2554 72 21 must
1314 2549 77 26 often

797 2584 61 26 wait
876 2585 68 25 until
960 2585 70 26 after
1045 2585 166 32 graduation
1228 2586 55 26 and
1299 2594 16 18 a
1332 2586 58 26 first

796 2621 50 31 job
857 2626 28 21 to
896 2621 69 27 have
974 2622 132 26 children.

889 3126 77 26 think
991 3126 46 26 the
1062 3127 177 32 [unmarried]
1266 3127 123 26 students

795 3162 92 32 really
937 3163 75 26 have
1062 3163 21 26 it
1313 3164 75 27 Jana

795 3199 198 33 Steingreaber,
1008 3208 16 18 a
1038 3200 170 32 27-year-old
1223 3200 165 33 advertising

795 3237 90 32 major
899 3241 27 22 at
942 3237 105 31 Loyola
1062 3237 69 27 said.
1261 3237 68 28 have
1344 3238 44 27 the

794 3273 95 26 choice
908 3278 30 21 to
958 3274 33 26 be
1009 3273 55 32 just
1085 3281 35 19 an
1142 3274 162 31 individual;
1326 3275 62 32 they

795 3310 69 27 have
873 3310 51 27 less

830 3360 21 26 It
869 3359 21 27 is
908 3368 16 18 a
941 3360 139 32 challenge
1098 3365 30 21 to
1145 3360 33 26 be
1197 3360 117 27 married
1332 3361 54 26 and

792 3402 60 27 stay
872 3397 26 26 in
919 3397 108 30 school,
1047 3397 48 26 she
1115 3397 69 27 said.
1311 3397 75 27 can't

792 3433 100 33 always
904 3441 58 24 say,
976 3435 65 29 'No,
1056 3435 8 24 I
1076 3434 75 26 can't
1162 3434 38 26 do
1212 3434 70 31 that,
1296 3435 9 25 I
1318 3434 70 27 have

792 3475 30 22 to
850 3470 104 32 study.'
985 3471 61 26 You
1075 3470 69 27 have
1173 3475 29 22 to
1231 3471 80 27 make
1339 3472 32 26 ad-

791 3508 156 32 justments.
969 3508 87 26 There
1073 3515 46 20 are
1138 3515 77 20 some
1234 3508 91 33 nights
1345 3508 41 27 I'll

792 3550 59 27 stay
869 3552 37 25 up
924 3545 54 27 real
996 3545 54 27 late
1066 3546 55 26 and
1139 3546 81 32 study
1237 3545 24 27 if
1278 3546 8 26 I
1305 3546 82 27 know

792 3581 58 27 that
864 3582 33 26 he
912 3582 57 32 [her
983 3582 138 32 husband]
1136 3587 87 22 wants
1236 3588 30 21 to
1278 3591 37 23 go
1328 3589 30 21 to
1371 3591 16 19 a

1432 2057 153 26 basketball
1609 2064 79 25 game
1711 2064 31 19 or
1979 2057 48 26 she

1432 2094 69 26 said.

1467 2131 58 27 The
1543 2131 102 33 biggest
1663 2132 105 31 change
1785 2131 25 26 in
1830 2131 45 27 her
1893 2131 133 32 marriage

1432 2169 73 26 since
1535 2169 46 26 she
1610 2169 110 26 entered
1749 2169 103 32 college
1881 2169 48 26 has
1958 2169 67 26 been

1434 2206 142 30 financial,
1609 2207 70 25 Jana
1709 2206 70 27 said.
1813 2207 55 25 Her
1899 2206 126 26 husband

1434 2245 76 24 Dave
1528 2243 20 26 is
1567 2252 16 17 a
1601 2243 107 32 lawyer.
1730 2243 141 31 Although
1891 2244 32 25 he
1941 2248 86 21 wants

1432 2280 48 27 her
1493 2285 28 22 to
1534 2280 130 27 continue
1677 2280 46 27 her
1736 2280 158 31 education,
1908 2280 47 27 she
1968 2280 57 26 said

1432 2318 48 26 she
1492 2318 64 26 feels
1566 2318 86 32 guilty
1663 2318 44 26 for
1718 2323 47 21 not
1776 2318 134 32 working.

1514 2355 111 26 worked
1637 2355 44 26 for
1696 2356 29 25 10
1735 2363 76 24 years
1822 2355 95 26 before
1929 2356 9 24 1
1950 2363 77 18 came

1432 2392 70 26 back
1522 2396 30 22 to
1570 2392 107 26 school.
1700 2393 69 25 Now
1789 2400 39 18 we
1846 2400 52 23 pay
1918 2392 44 26 for
1982 2399 44 24 my

1432 2429 100 27 tuition
1551 2429 55 27 and
1626 2429 79 27 don't
1726 2429 68 26 have
1813 2436 45 24 my
1877 2429 90 26 added
1988 2429 26 26 in-

1557 2466 47 26 she
1614 2466 68 26 said.

1469 2527 70 26 Jana
1562 2532 71 21 must
1656 2528 86 32 spend
1765 2528 65 26 time
1852 2529 107 26 around
1983 2529 45 27 the

1433 2562 87 27 house
1540 2563 60 32 plus
1620 2565 86 31 spend
1727 2564 64 27 time
1812 2565 62 26 with
1897 2567 85 26 Dave.
2006 2567 19 25 It

1432 2600 91 26 would
1543 2600 33 26 be
1593 2600 160 33 impossible
1770 2606 29 22 to
1819 2602 67 26 have
1904 2602 121 26 children

1432 2637 54 25 and
1510 2637 38 25 do
1571 2637 45 26 the
1640 2638 90 32 things
1754 2638 63 32 they
1841 2644 70 21 want
1937 2644 28 21 to
1988 2639 38 27 do

1432 2673 122 32 together
1568 2673 79 27 while
1659 2674 47 26 she
1719 2674 21 26 is
1753 2674 51 26 still
1819 2675 25 25 in
1858 2676 105 30 school,
1978 2676 47 26 she

1431 2710 68 26 said.

1467 2747 50 25 But
1555 2747 70 26 Jana
1661 2748 58 26 said
1756 2748 47 26 she
1841 2748 66 27 likes
1944 2749 79 32 being

1430 2783 128 27 married.
1684 2784 100 32 always
1803 2785 69 26 have
1891 2793 15 18 a

1429 2821 48 26 she
1487 2820 68 27 said.

1532 2885 21 26 is
1570 2887 85 31 tough
1673 2892 29 21 to
1719 2895 90 25 marry
1970 2891 56 26 Tae

1432 2922 62 31 Lee,
1528 2930 16 18 a
1577 2923 128 32 Brigham
1739 2926 98 32 Young
1870 2926 155 34 University

1430 2959 142 32 graduate,
1592 2960 69 26 said.
1749 2963 9 24 I
1778 2963 96 27 wasn't
1895 2964 128 32 married,

1431 2995 41 26 I'd
1486 2996 33 26 be
1531 2996 26 26 in
1569 2998 133 31 graduate
1714 2999 105 26 school.
1835 3001 9 24 I
1857 3000 82 33 really
1951 3008 72 21 want

1429 3037 29 21 to
1467 3041 37 23 go
1514 3038 29 21 to
1553 3034 95 27 school

1463 3070 56 27 Tae
1535 3071 117 27 married
1670 3077 26 21 at
1714 3073 33 26 22
1764 3074 77 27 when
1860 3075 32 27 he
1908 3076 55 26 and
1981 3077 42 26 his

1427 3107 64 27 wife
1511 3115 69 20 were
1600 3109 114 27 seniors.
1804 3119 54 19 was
1989 3114 34 27 he

1426 3144 69 26 said.
1723 3149 166 27 constraints
1919 3152 102 26 caused

1426 3181 122 26 tensions
1559 3182 25 26 in
1595 3191 52 18 our

1465 3239 56 25 Tae
1534 3238 55 26 and
1604 3238 41 26 his
1659 3238 63 26 wife
1735 3246 46 19 are
1795 3246 62 19 now
1872 3244 109 27 parents
1995 3240 33 25 of

1431 3283 15 18 a
1469 3274 185 27 1-month-old
1674 3275 64 32 boy.
1813 3276 69 25 need
1902 3281 29 20 to
1951 3276 75 26 work

1431 3317 55 21 two
1499 3312 65 32 jobs
1578 3317 29 21 to
1622 3319 53 25 pay
1690 3319 45 25 my
1749 3312 89 27 wife's
1852 3312 99 27 doctor
1966 3312 61 27 bills

1431 3349 54 26 and
1496 3356 52 19 our
1558 3349 96 26 school
1665 3349 89 30 loans,
1765 3350 55 26 and
1833 3350 8 26 I
1852 3350 80 26 don't
1943 3356 42 26 get
1997 3355 30 21 to

1431 3386 86 32 spend
1540 3386 111 31 enough
1676 3386 66 26 time
1765 3386 65 27 with
1854 3387 47 26 her
1925 3395 32 18 or
1982 3387 45 26 the

1549 3423 34 26 he
1592 3423 70 27 said.

1463 3476 56 26 Tae
1558 3476 59 27 said
1655 3477 106 33 despite
1801 3478 130 28 financial
1970 3481 41 26 dif-

1430 3512 127 32 ficulties,
1585 3514 33 27 he
1642 3515 68 26 docs
1736 3521 47 21 not
1809 3522 86 27 regret
1920 3518 103 33 getting

1428 3550 129 27 married.
1577 3551 65 27 "I'd
1659 3552 38 26 do
1715 3552 19 27 it
1752 3553 35 27 all
1805 3561 67 20 over
1889 3555 90 32 again.
2001 3556 21 26 It

1427 3594 55 20 was
1493 3594 51 21 our

2108 2054 77 26 Janel
2198 2055 115 25 Durand
2325 2055 21 26 is
2357 2055 34 26 22
2402 2063 77 24 years
2490 2055 47 27 old
2550 2057 53 25 and
2617 2056 51 26 will

2070 2090 133 31 graduate
2230 2091 72 26 from
2330 2092 104 32 Loyola
2459 2093 53 26 this
2537 2101 130 19 summer.

2071 2127 53 26 She
2136 2127 21 26 is
2169 2135 15 18 a
2197 2127 78 27 small
2288 2136 109 18 woman
2412 2129 62 25 with
2489 2130 95 25 brown
2599 2130 68 30 hair,

2071 2164 72 31 large
2158 2172 61 24 eyes
2234 2165 54 26 and
2304 2173 15 18 a
2335 2165 37 27 lot
2388 2165 34 27 of
2435 2167 100 31 spunk.
2552 2167 54 26 She
2620 2168 48 25 has

2071 2200 67 26 been
2153 2201 116 26 married
2286 2202 43 25 for
2342 2208 54 20 two
2410 2204 54 25 and
2479 2211 15 18 a
2508 2204 60 25 half
2580 2211 87 24 years.

2072 2238 55 26 Her
2155 2238 126 27 husband
2309 2239 21 26 is
2357 2245 47 20 out
2432 2240 34 25 of
2490 2241 95 25 school
2613 2242 54 25 and

2070 2275 134 32 working.

2246 2320 45 19 are
2306 2313 106 32 usually
2426 2314 121 26 shocked
2564 2315 77 26 when
2659 2316 7 25 I

2070 2347 45 27 tell
2129 2348 73 27 them
2218 2349 50 26 I'm
2450 2351 47 25 she
2511 2351 68 26 said.
2596 2352 71 25 "It's

2070 2392 15 18 a
2097 2385 89 26 ritual.
2202 2386 100 32 People
2314 2386 101 32 always
2427 2395 57 24 say,
2500 2388 99 30 'Gosh,
2612 2396 54 23 you

2069 2422 79 25 don't
2163 2422 65 26 look
2242 2423 140 26 married.'
2396 2425 87 29 Then,
2499 2425 99 30 'Gosh,
2612 2433 54 24 you

2070 2458 63 27 look
2148 2467 93 24 young
2254 2465 29 21 to
2297 2461 32 25 be
2342 2461 129 30 married;
2486 2462 62 25 how
2561 2462 45 26 old
2621 2470 46 19 are

2068 2497 84 30 you?'
2181 2497 63 26 And
2272 2497 63 27 then
2363 2498 46 26 the
2436 2503 60 21 next
2525 2499 140 31 question,

2070 2534 82 25 'How
2162 2534 47 26 old
2220 2534 22 26 is
2253 2542 68 24 your
2331 2535 139 31 husband,
2482 2536 37 26 do
2530 2544 54 24 you
2597 2537 68 26 have

2069 2570 88 26 kids?'
2170 2571 48 26 It's
2227 2572 101 31 always
2339 2573 45 25 the

2106 2620 104 26 Janel's
2225 2621 126 26 husband
2367 2629 55 18 was
2436 2621 26 26 in
2477 2629 15 18 a
2508 2622 69 26 local
2594 2623 73 25 band

2071 2657 44 26 for
2127 2657 69 27 their
2208 2657 58 27 first
2280 2663 55 21 two
2346 2666 77 24 years
2435 2659 33 25 of
2479 2659 144 31 marriage,
2636 2667 31 18 so

2070 2695 77 25 Janel
2170 2702 54 19 was
2352 2701 28 21 to
2402 2695 33 27 be
2456 2695 85 32 single
2563 2704 37 18 on
2623 2697 44 26 the

2247 2732 78 26 when
2336 2733 34 25 he
2380 2733 55 26 had
2446 2738 29 21 to
2485 2734 135 31 perform.

2103 2768 94 32 Going
2208 2774 48 21 out
2271 2769 64 26 with
2348 2769 85 32 single
2445 2770 104 32 college
2563 2770 104 26 friends

2068 2813 54 18 was
2136 2806 49 26 fun
2302 2806 62 33 they
2376 2807 108 26 wanted
2496 2812 29 21 to
2536 2807 88 27 cruise
2635 2816 32 18 or

2068 2841 22 26 if
2101 2842 63 32 they
2177 2848 53 21 met
2244 2850 15 18 a
2272 2850 53 25 guy
2337 2844 54 26 and
2406 2844 106 26 wanted
2527 2850 29 20 to
2568 2852 36 24 go
2617 2850 47 21 out

2066 2879 55 26 and
2134 2879 8 26 I
2155 2879 48 26 felt
2214 2879 54 26 like
2278 2888 15 18 a
2303 2880 72 26 third
2518 2881 48 26 she
2576 2882 69 26 said.

2198 2922 71 21 want
2292 2917 134 31 children,
2451 2918 46 26 but
2523 2923 46 21 not
2595 2918 68 32 right

2197 2954 78 26 Janel
2292 2954 70 27 said.
2471 2955 67 26 need
2556 2960 29 21 to
2603 2963 63 19 save

2066 2997 77 19 some
2164 2998 110 24 money.
2297 2992 29 25 In
2348 2991 54 26 five
2422 2999 87 24 years,
2530 2999 16 19 a
2567 2993 97 30 house;

2066 3027 71 32 eight
2150 3035 87 24 years,

2235 3072 16 18 a
2275 3065 63 26 wife
2363 3065 21 26 is
2408 3073 16 19 a
2450 3065 129 27 full-time
2602 3066 62 32 job,

2067 3100 80 32 being
2164 3109 16 17 a
2197 3102 109 25 student
2325 3102 21 25 is
2363 3109 17 19 a
2398 3102 129 27 full-time
2543 3103 50 32 job
2610 3104 54 25 and

2066 3137 64 27 then
2148 3138 8 26 I
2175 3137 68 28 have
2260 3146 44 24 my
2323 3139 161 32 [part-time)
2501 3139 61 32 job,

2065 3174 48 26 she
2123 3174 69 27 said.

2181 3212 48 26 has
2242 3217 28 21 to
2282 3214 72 25 cook
2369 3219 69 20 most
2453 3213 101 32 nights.
2569 3214 67 26 He's
2649 3222 15 18 a

2065 3248 82 27 much
2159 3248 88 27 better
2257 3250 73 25 cook
2342 3250 65 25 than
2422 3251 7 25 I
2534 3251 48 25 she
2593 3251 69 26 said.

2066 3286 56 26 Her
2133 3286 139 31 husband,
2286 3287 107 32 Bobby,
2404 3287 67 27 does
2483 3288 81 26 much
2576 3288 33 26 of
2619 3288 45 26 the

2065 3323 165 27 housework
2246 3329 59 25 too,
2320 3324 48 27 she
2381 3325 69 26 said.
2591 3325 20 26 is
2627 3333 36 18 no

2065 3368 59 24 way
2136 3361 8 25 I
2155 3361 82 26 could
2249 3361 37 26 do
2297 3361 17 26 it

2201 3398 67 26 both
2283 3398 69 26 have
2365 3403 28 21 to
2407 3399 33 25 be
2454 3399 82 31 ready
2552 3399 43 26 for
2610 3399 52 26 this

2065 3440 63 27 type
2140 3435 35 26 of
2424 3436 78 27 Janel
2516 3436 68 27 said.
2600 3438 62 30 Any

2065 3479 64 20 man
2146 3473 62 26 who
2225 3473 111 27 marries
2352 3480 16 19 a
2385 3480 109 20 woman
2512 3474 84 31 today
2614 3474 48 26 has

2065 3515 29 21 to
2117 3510 102 32 adjust.
2247 3510 47 26 It's
2317 3510 130 27 different
2474 3511 66 26 than
2564 3511 17 25 it
2607 3519 54 18 was

2064 3555 78 24 years
2168 3555 53 24 ago
2249 3547 77 26 when
2355 3547 45 27 the
2428 3555 109 19 woman
2567 3548 93 31 stayed

2065 3584 82 27 home
2157 3584 35 26 all
2202 3584 64 31 day,
2278 3584 47 27 she
2335 3584 69 27 said.

2500 63 165 33 19

175 69 202 33 February
389 68 149 29 7,1986

1292 66 64 36 Qiy
1366 65 199 28 WAROQIB
