2864 3785
236 141 487 214 Life
777 145 464 162 and
1296 138 724 213 Tinges

228 415 77 49 th,e
319 418 184 38 Maroon

701 420 220 38 Features
934 420 93 38 and
1040 424 362 35 entertainment

1598 421 231 49 February
1844 422 176 46 7,1986

1458 2023 454 94 Carnival
1948 2021 275 91 trivia

1465 2160 249 95 local
1750 2161 459 92 tradition

1751 2310 38 31 By
1801 2310 61 26 Lisa
1872 2310 102 31 Taylor

1620 2347 139 26 Assistant
1769 2347 62 31 Life
1839 2347 58 25 and
1909 2347 88 26 Times
2005 2347 100 26 Editor

1492 2426 100 27 Trivial
1604 2426 109 27 Pursuit
1724 2426 116 32 players:
1851 2427 42 25 En
1901 2427 97 31 garde\

1496 2463 52 26 For
1568 2465 45 24 the
1635 2464 40 26 1.5
1696 2463 106 27 million
1821 2465 99 32 people
1940 2465 62 26 who
2022 2465 51 26 will
2094 2466 69 32 pack
2183 2466 70 27 them-

1459 2499 84 27 selves
1564 2499 59 27 into
1642 2500 46 27 the
1708 2501 103 26 French
1831 2502 120 32 Quarter
1969 2510 32 19 or
2022 2503 80 26 stand
2122 2503 83 32 along
2225 2504 45 26 the

1458 2541 95 22 streets
1566 2537 35 26 of
1613 2537 66 27 New
1692 2537 117 28 Orleans
1822 2546 32 19 or
1868 2538 127 27 Metairie
2007 2539 138 32 Tuesday,
2160 2540 81 32 being
2254 2548 16 18 a

1458 2580 51 25 pro
1526 2573 26 26 in
1568 2574 46 26 the
1629 2575 95 26 Genus
1741 2575 35 30 11,
1794 2576 76 31 Baby
1886 2576 120 27 Boomer
2022 2583 32 20 or
2069 2576 86 27 Silver
2171 2577 97 27 Screen

1457 2609 119 28 editions
1590 2610 35 27 of
1636 2611 101 26 Trivial
1752 2612 110 26 Pursuit
1877 2613 85 26 won't
1977 2620 68 20 even
2058 2618 43 27 get
2116 2621 56 25 you
2186 2622 16 18 a
2215 2621 54 25 cup

1457 2647 34 26 of
1498 2647 111 32 chicory
1619 2648 94 27 coffee
1722 2655 32 20 or
1763 2656 17 19 a
1790 2656 50 19 can
1851 2649 34 26 of
1894 2649 88 27 Dixie.

1492 2685 54 29 No,
1559 2688 27 22 at
1599 2684 54 26 this
1666 2684 65 27 time
1743 2684 35 26 of
1788 2692 63 24 year
1864 2685 26 26 in
1905 2686 66 25 New
1984 2685 127 30 Orleans,
2125 2692 54 19 one
2192 2690 72 21 must

1454 2720 73 27 excel
1538 2720 26 27 in
1575 2721 46 26 the
1631 2721 71 26 local
1713 2721 89 26 brand
1812 2721 34 26 of
1855 2721 79 27 trivia
1945 2726 28 22 to
1984 2722 33 26 be
2028 2729 15 19 a
2053 2722 54 26 real
2118 2722 103 26 winner
2232 2736 33 5 —

1454 2758 130 27 Carnival
1595 2758 88 27 trivia.

1491 2795 26 27 If
1531 2802 55 25 you
1602 2795 77 26 think
1697 2796 97 31 you're
1809 2803 37 24 up
1863 2801 29 21 to
1908 2796 46 26 the
1968 2796 153 32 challenge,
2139 2796 63 26 take
2218 2796 46 26 the

1454 2832 129 27 Carnival
1598 2832 79 26 trivia
1692 2837 49 21 test
1758 2832 88 26 below
1862 2837 28 21 to
1906 2840 44 18 see
1964 2833 72 26 what
2052 2840 55 24 you
2123 2833 82 26 know
2220 2835 43 28 (or

1454 2869 79 27 don't
1545 2869 94 32 know)
1648 2869 86 27 about
1746 2870 67 26 New
1822 2869 128 27 Orleans'
1961 2869 103 33 biggest
2077 2875 88 27 party.

1474 2922 24 25 1.
1514 2922 69 30 Why
1597 2921 22 26 is
1634 2921 45 26 Ihe
1694 2922 92 24 Krewe
1801 2921 32 25 of
1845 2921 93 26 Tucks
1951 2922 102 30 parade
2067 2922 151 31 important
2234 2925 29 22 to

1454 2958 123 32 Loyola?

1489 2996 35 26 A.
1537 2996 49 26 It's
1595 3002 17 20 a
1621 2996 114 32 parade,
1746 2995 54 27 and
1812 2995 105 32 Loyola
1927 2996 124 26 students
2061 2995 62 27 love
2133 2996 127 32 parades.

1488 3033 32 27 B.
1533 3033 21 26 It
1565 3040 55 19 was
1631 3032 125 27 founded
1766 3032 36 32 by
1813 3032 105 32 Loyola
1928 3032 135 28 students.

1488 3070 34 27 C.
1535 3070 48 26 It's
1592 3078 30 19 as
1631 3070 75 32 good
1716 3077 36 19 an
1761 3077 98 19 excuse
1868 3077 30 19 as
1907 3077 55 24 any
1971 3074 30 22 to
2011 3074 42 28 get
2063 3070 103 27 drunk.

1489 3115 31 26 B.
1540 3114 91 27 Tucks
1651 3122 55 19 was
1726 3114 124 27 founded
1869 3114 36 32 by
1924 3118 56 22 two
2000 3114 105 32 Loyola
2125 3115 136 31 students,

1454 3151 60 27 Bob
1660 3151 56 27 and
1728 3150 87 33 Lloyd
1826 3150 180 33 Frischhertz,
2019 3151 27 27 in
2061 3151 77 27 1968.

1044 3619 115 21 —Photos
1165 3619 31 25 by
1202 3618 105 23 MkhtUe
1312 3619 91 21 Slocum

1925 3200 54 27 See
1987 3201 223 35 Carnival/page
2220 3204 35 28 14

2122 139 178 38 Inside
2314 141 115 38 this
2442 144 169 36 week:

2184 218 65 33 Dr.
2269 218 109 33 Ruth
2394 219 188 42 explains
2600 224 32 28 it

2118 263 55 33 all
2185 263 61 33 for
2257 274 87 33 you,
2359 273 99 34 page
2474 267 48 32 15

2122 332 33 22 v*
2188 321 220 43 Cooking
2510 323 120 33 with

2116 366 202 42 Clarence,
2332 376 99 34 page
2445 369 50 33 17

2187 423 200 44 College
2497 428 132 31 tests

2115 470 168 33 student
2295 481 119 30 vows,
2429 479 99 33 page
2543 472 50 33 19
