2908 3745
354 1535 39 31 By
404 1535 80 31 Mary
495 1535 116 31 Caffrey

313 1572 140 25 Assistant
463 1572 83 25 News
553 1571 99 26 Editor

190 1284 321 79 Arthur
536 1285 163 78 will
716 1295 154 68 not
894 1289 223 76 bend
1134 1290 234 93 rules,

196 1397 183 78 kills
397 1399 287 78 Mardi
709 1400 210 78 Gras
938 1400 304 81 shuttle

220 1652 115 26 Student
374 1652 189 26 Government
602 1651 177 26 Association

184 1688 141 27 President
337 1690 93 30 Byron
441 1689 105 26 Arthur
557 1688 97 27 vetoed
666 1696 15 19 a
693 1688 46 27 bill
751 1693 29 22 to

183 1726 115 33 provide
320 1726 101 31 $1,500
444 1726 43 26 for
510 1734 15 19 a
550 1726 56 27 free
628 1726 101 26 shuttle
751 1731 29 21 to

183 1768 138 27 transport
358 1764 125 26 students
518 1768 29 21 to
582 1763 91 26 Mardi
709 1764 70 25 Gras

183 1801 126 31 parades.

218 1838 58 26 The
285 1838 117 31 original
413 1837 46 27 bill
470 1838 143 31 requested
626 1845 76 19 more
713 1838 66 26 than

183 1874 99 31 $2,900
294 1880 30 21 to
336 1875 34 26 be
383 1875 66 26 used
463 1875 35 31 by
513 1875 133 31 Boosting
659 1875 119 25 Alcohol

182 1911 220 26 Consciousness
424 1911 176 31 Concerning
624 1911 100 25 Health
747 1911 33 25 of

182 1948 155 31 University
351 1947 129 27 Students
493 1948 202 30 (BACCHUS)
707 1947 44 26 for
763 1955 15 18 a

182 1985 100 26 shuttle
312 1985 87 25 which
431 1985 91 25 would
552 1985 61 31 give
642 1985 135 29 students,

183 2021 103 31 faculty
314 2021 56 26 and
399 2021 71 26 staff
497 2029 34 18 an
560 2021 162 26 alternative
750 2026 29 21 to

182 2058 105 32 driving
298 2058 71 26 after
379 2058 138 32 drinking.
530 2059 139 31 Congress
680 2058 98 32 passed

182 2096 44 25 the
249 2095 45 26 bill
319 2095 25 26 in
367 2102 15 19 a
405 2096 92 25 verbal
520 2101 63 20 vote
603 2096 54 31 just
683 2096 95 25 before

181 2132 167 32 adjourning
359 2133 137 31 Tuesday.

218 2170 177 25 BACCHUS
428 2169 212 32 representative
672 2169 106 32 Angela

183 2206 54 31 Rey
252 2206 57 26 said
326 2206 89 26 Mardi
430 2206 72 26 Gras
517 2206 44 26 fell
576 2212 49 20 too
639 2206 73 31 early
726 2206 52 25 this

182 2250 61 24 year
270 2243 44 25 for
340 2243 45 26 the
411 2243 118 32 funding
555 2249 105 26 request
689 2248 28 21 to
743 2250 35 25 go

182 2280 117 31 through
324 2280 45 26 the
392 2288 100 24 proper
514 2280 140 26 channels.
680 2280 98 26 SGA's

182 2317 80 32 Ways
280 2317 54 26 and
353 2318 97 26 Means
467 2317 168 27 Committee
653 2325 54 18 was
726 2317 51 26 still

181 2355 113 31 holding
305 2355 100 31 budget
419 2355 126 31 hearings
556 2354 52 26 this
619 2355 85 26 week.

217 2392 103 25 Arthur
353 2392 55 26 and
443 2392 57 26 vice
535 2392 135 31 president
706 2392 70 25 Tom

181 2429 139 31 Delahaye
336 2428 56 27 said
410 2429 62 31 they
487 2437 70 18 were
571 2429 161 31 supportive
746 2429 33 26 of

180 2467 45 26 the
246 2466 71 27 bill's
338 2466 103 31 merits,
464 2467 46 26 but
533 2466 127 32 objected
682 2471 30 22 to
732 2467 45 25 the

180 2504 169 26 last-minute
376 2510 115 26 attempt
521 2510 28 20 to
577 2504 100 32 bypass
705 2504 71 26 SGA

181 2541 116 32 funding
309 2542 79 25 rules.

314 2576 68 27 have
407 2578 32 25 45
466 2577 79 26 other
570 2578 207 31 organizations

179 2613 54 25 and
263 2613 64 31 only
358 2613 117 30 $23,000
504 2619 29 21 to

179 2649 140 32 Delahaye
331 2649 68 27 said.
475 2659 40 17 we
526 2651 59 31 give
599 2651 178 26 BACCHUS

178 2686 45 26 the
249 2686 58 26 first
332 2687 62 25 shot
419 2687 116 27 without
561 2695 15 19 a
602 2687 52 27 fair
679 2688 96 26 review

179 2723 73 26 from
275 2724 82 30 Ways
378 2724 54 25 and
456 2725 108 29 Means,
587 2725 18 25 it
629 2725 91 26 would
743 2725 33 27 be

178 2759 92 27 unfair
281 2765 28 21 to
320 2760 45 26 the
375 2760 79 26 other

215 2795 56 31 Rey
298 2794 59 26 said
386 2794 116 28 Vincent
533 2796 143 33 Knipfing,
707 2797 56 26 vice

178 2831 136 32 president
330 2831 44 27 for
386 2832 116 26 Student
516 2833 119 31 Affairs,
649 2834 54 26 had
717 2834 58 26 told

178 2869 47 26 her
260 2869 41 26 his
335 2869 88 26 office
457 2870 84 26 could
576 2875 48 21 not
660 2870 116 32 provide

177 2911 159 26 temporary
349 2906 117 32 funding
479 2907 68 25 until
560 2907 73 26 SGA
646 2907 128 27 finalized

178 2943 32 25 its
221 2942 112 32 budget.

261 2979 121 26 received
397 2979 76 27 word
486 2980 54 26 this
553 2981 74 26 week
642 2980 73 27 from
730 2982 43 25 Fr.

176 3018 108 28 Carter,
300 3017 48 25 Dr.
364 3016 124 26 Roussell
502 3017 55 26 and
570 3018 54 25 Mr.
640 3018 134 32 Knipfing

177 3059 29 20 to
231 3053 60 32 give
315 3052 100 32 special
441 3053 205 26 consideration
673 3059 30 21 to
729 3055 45 25 the

336 3090 105 26 Arthur
464 3090 70 26 said.
631 3090 81 27 those
734 3090 26 27 in-

176 3127 136 27 dividuals
336 3134 46 19 are
404 3126 155 26 concerned
585 3127 62 31 they
672 3127 100 26 should

176 3166 69 25 have
268 3164 80 26 made
370 3163 157 32 provisions
552 3163 43 26 for
618 3163 17 26 it
658 3164 56 26 and
737 3164 34 26 let

176 3203 72 26 SGA
259 3201 150 27 reimburse

212 3239 139 32 Delahaye
370 3238 59 28 said
450 3239 33 26 he
502 3238 55 27 and
578 3239 104 25 Arthur
703 3246 69 19 were

176 3277 100 32 willing
292 3282 29 21 to
338 3276 72 27 bend
428 3276 45 26 the
490 3275 70 27 rules
578 3276 44 25 for
638 3283 16 19 a
670 3275 100 33 special

174 3322 72 23 case,
268 3315 47 26 but
338 3314 57 31 Rey
415 3313 99 26 should
537 3313 69 26 have
627 3313 143 31 presented

175 3353 46 26 her
243 3351 125 34 problem
389 3355 27 22 at
438 3350 45 27 the
504 3349 148 33 beginning
673 3349 33 28 of
726 3350 45 27 the

174 3394 139 22 semester.
328 3388 82 32 Ways
424 3388 54 26 and
493 3388 98 26 Means
604 3388 83 26 could
702 3388 69 26 have

175 3432 53 21 met
239 3426 54 27 and
305 3424 131 28 reviewed
447 3424 30 30 it,
489 3425 34 26 he
533 3424 69 27 said.

211 3465 55 30 Rey
280 3462 58 27 said
353 3462 48 26 she
414 3461 55 27 had
483 3461 145 32 originally
642 3462 127 26 included

174 3501 45 26 the
255 3500 104 33 project
396 3506 37 19 on
469 3499 48 27 her
552 3498 218 33 organization's

174 3538 101 32 budget
287 3537 48 27 but
348 3536 139 27 withdrew
499 3536 31 31 it,
543 3536 100 33 feeling
654 3536 58 27 that
725 3537 45 26 the

173 3575 65 27 time
259 3574 115 27 element
398 3573 96 27 forced
516 3573 47 26 her
585 3578 30 21 to
636 3573 66 26 look
726 3573 43 26 for

172 3611 161 28 alternative
359 3610 127 32 funding.
514 3610 89 26 When
629 3610 58 26 that
714 3618 55 19 was

172 3647 200 30 unsuccessful,
384 3647 48 27 she
441 3654 78 20 came
529 3653 29 21 to
568 3647 83 27 SGA.

855 1519 105 26 Arthur
982 1519 70 31 said,
1237 1521 17 25 it
1280 1522 56 31 [the
1358 1522 58 32 bill]

819 1555 92 27 would
929 1560 38 22 set
986 1564 16 18 a
1020 1556 83 32 really
1121 1557 54 26 bad
1192 1558 156 31 precedent.
1368 1560 48 25 We

819 1592 92 26 would
924 1598 43 27 get
982 1593 69 32 right
1067 1593 70 27 back
1153 1593 58 27 into
1225 1594 45 27 the
1284 1595 130 26 situation

818 1637 40 18 we
868 1629 54 26 had
933 1629 50 26 last

854 1665 79 27 Prior
962 1671 30 22 to
1021 1666 54 27 this
1104 1675 74 23 year,
1209 1668 206 31 organizations

817 1709 77 20 came
906 1708 29 21 to
948 1704 72 26 SGA
1033 1704 44 26 for
1091 1704 84 26 funds
1187 1704 169 33 throughout
1369 1706 45 25 the

817 1747 72 23 year.
925 1740 58 26 The
1016 1748 58 19 new
1109 1742 152 31 procedure
1294 1742 120 33 requires

817 1777 205 32 organizations
1036 1781 29 23 to
1078 1784 108 26 present
1199 1779 117 32 budgets
1328 1785 27 21 at
1369 1781 45 26 the

817 1814 148 33 beginning
990 1814 34 27 of
1047 1815 68 27 each
1141 1821 129 21 semester
1297 1817 44 26 for
1366 1825 32 24 ap-

817 1851 106 32 proval.

852 1889 86 30 Many
958 1889 135 26 members
1114 1890 34 25 of
1165 1897 128 24 congress
1313 1891 98 31 agreed

815 1925 63 25 with
907 1925 115 31 Arthur,
1052 1926 94 32 saying
1175 1926 56 26 that
1260 1927 79 26 while
1366 1928 46 25 the

815 1962 104 31 project
942 1970 54 18 was
1017 1963 107 31 worthy
1144 1963 34 26 of
1198 1963 127 33 funding,
1348 1965 63 31 they

814 1998 46 26 did
893 2004 45 21 not
971 1999 53 26 like
1054 2000 81 32 being
1167 2001 154 27 railroaded
1352 2002 60 26 into

814 2036 168 32 suspending
992 2037 46 26 the
1049 2037 117 32 funding
1177 2039 161 30 procedure.

851 2075 68 31 Still,
950 2084 129 23 congress
1109 2076 46 26 did
1187 2085 61 23 pass
1279 2078 45 26 the
1353 2078 57 26 bill.

816 2112 86 26 When
934 2112 104 27 Arthur
1071 2114 97 25 vetoed
1200 2113 29 30 it,
1262 2116 64 24 Arts
1357 2115 54 26 and

816 2149 128 26 Sciences
992 2150 236 31 representatives
1277 2151 135 27 Michelle

817 2186 110 26 Barrere
944 2186 54 26 and
1018 2187 98 25 Shawn
1137 2188 112 30 Murray
1267 2189 143 31 suggested

813 2223 99 32 calling
926 2231 15 18 a
955 2223 99 32 special
1068 2224 103 26 session
1187 2228 27 22 to
1228 2225 124 26 override
1366 2226 45 25 the

814 2266 73 23 veto,
902 2261 47 25 but
963 2261 75 25 there
1051 2269 54 18 was
1120 2267 45 20 not
1180 2262 110 31 enough
1305 2262 63 27 time
1381 2268 29 21 to

813 2297 129 31 organize
967 2305 128 23 congress
1123 2298 97 26 before
1246 2299 46 26 the
1319 2299 89 26 Mardi

813 2335 70 25 Gras
894 2334 136 32 holidays.

854 2376 63 24 Arts
953 2375 53 25 and
1043 2375 123 25 Sciences
1203 2376 210 31 representative

818 2412 60 25 Will
907 2413 114 29 Acosta,
1049 2412 45 26 the
1121 2412 72 26 bill's
1220 2414 110 30 author,
1358 2422 55 17 was

817 2449 194 32 disappointed
1024 2449 63 26 with
1100 2450 45 26 the
1158 2450 105 26 results.
1280 2451 133 26 "There's

816 2494 15 18 a
851 2487 63 25 flaw
933 2487 25 25 in
977 2494 15 18 a
1009 2492 100 26 system
1128 2488 56 25 that
1204 2488 109 26 doesn't
1332 2488 80 26 allow

817 2523 44 26 for
877 2524 45 25 the
938 2524 57 25 first
1014 2524 51 26 few
1081 2525 89 25 weeks
1185 2525 33 25 of
1380 2526 33 25 he

815 2560 69 27 said.
1024 2561 45 26 the
1090 2569 130 24 program
1242 2563 84 25 won't
1350 2563 63 25 take

232 1097 107 32 Loyola
349 1096 120 31 security
479 1095 103 33 officer
593 1095 111 31 George
715 1094 166 27 Hernandez
892 1092 99 32 laughs
1000 1100 32 18 as
1037 1091 100 33 fellow
1147 1090 116 32 officers
1275 1090 75 23 write
1359 1094 39 25 up

198 1135 80 26 Chris
298 1135 97 31 Young
408 1134 60 25 and
480 1132 82 26 other
574 1132 129 25 students
720 1130 62 26 who
799 1137 73 19 wore
886 1129 71 26 their
971 1129 76 26 PKT
1054 1128 107 33 jerseys
1176 1127 27 25 in
1220 1125 46 27 the
1282 1124 117 27 Orleans

196 1172 92 25 Room
299 1171 109 30 Friday.

1106 1206 103 21 Photo
1217 1206 30 23 by
1253 1205 61 24 Judy
1320 1203 80 21 Coode

1464 207 256 89 PKT
1750 207 483 91 members
2267 213 405 105 protest;

1464 343 505 110 university
2001 345 264 110 plans
2299 345 394 116 hearing

1611 526 39 30 By
1661 526 127 25 Michelle
1799 526 111 25 Slocum

1556 563 139 25 Assistant
1705 563 153 30 Managing
1867 562 97 26 Editor

1497 642 87 26 Three
1601 642 124 26 students
1743 642 62 26 who
1822 649 73 19 wore
1912 642 29 26 Pi
1959 642 99 32 Kappa

1462 679 86 26 Theta
1556 679 103 31 jerseys
1669 679 27 25 in
1707 679 45 26 the
1761 679 117 26 Orleans
1890 680 90 25 Room
1992 680 62 25 Jan.

1462 716 28 26 31
1506 724 29 18 as
1547 721 59 26 part
1618 716 34 26 of
1661 724 16 18 a
1988 724 69 19 were

1462 753 89 26 issued
1567 753 89 26 letters
1672 753 36 32 by
1723 753 45 26 the
1783 753 95 26 Office
1893 753 33 26 of
1940 754 114 26 Student

1461 790 108 27 Affairs
1597 791 125 32 Monday
1749 790 150 33 informing
1926 791 73 27 them
2026 795 30 23 to

1461 835 114 25 prepare
1586 828 44 26 for
1640 836 16 18 a
1666 828 175 33 disciplinary
1852 829 121 32 hearing.

1500 888 56 25 The
1577 888 75 26 three
1673 889 143 32 fraternity
1836 891 135 26 members
1992 900 68 18 were

1463 923 81 27 Chris
1574 925 111 32 Young,
1716 926 92 31 public
1837 928 221 27 administration

1463 961 101 31 senior,
1590 961 49 26 Bill
1666 962 135 31 Robbins,
1827 963 104 33 history
1953 965 105 32 junior,

1462 997 55 26 and
1529 998 76 26 Mike
1617 1000 171 30 Laarbera,
1801 1000 109 27 finance
1918 1001 104 32 junior.

1584 1060 119 32 wearing
1728 1060 46 25 the
1797 1059 99 31 jersey,
1923 1066 39 17 we
1988 1065 69 18 were

1460 1097 154 34 peacefully
1632 1096 151 33 protesting
1801 1094 147 32 university
1966 1094 91 32 policy

1460 1135 88 26 which
1578 1138 83 22 states
1691 1133 59 27 that
1780 1140 53 24 any
1863 1138 100 26 person
1993 1131 63 25 who

1460 1171 138 28 identifies
1611 1170 112 27 himself
1734 1170 27 26 in
1773 1176 54 25 any
1838 1176 59 25 way
1909 1168 64 26 with
1987 1168 70 25 PKT

1460 1210 21 26 is
1514 1209 107 32 subject
1655 1213 30 21 to
1718 1206 176 33 disciplinary

1460 1248 100 30 Young
1589 1246 69 26 said.
1944 1251 40 18 we
2010 1250 47 19 are

1460 1283 152 33 protesting
1634 1283 59 26 that
1716 1289 67 20 even
1806 1281 164 26 individuals
1993 1280 63 26 who

1460 1321 66 27 wish
1545 1326 31 21 to
1595 1320 104 26 restrict
1718 1319 70 27 their
1805 1318 167 27 association
1992 1317 63 25 with

1461 1359 71 26 PKT
1546 1363 29 21 to
1590 1357 49 27 off
1651 1364 115 24 campus
1783 1356 68 26 have
1866 1355 68 26 been
1950 1354 105 32 subject

1461 1401 29 21 to
1508 1396 171 25 harassment
1699 1394 35 31 by
1751 1393 46 26 the
1815 1392 115 27 Student
1948 1391 108 27 Affairs

1460 1433 96 26 Office
1565 1440 31 18 or
1606 1431 108 27 entities
1724 1430 87 28 under

1496 1470 72 26 Alan
1595 1469 119 30 Abadie,
1741 1468 119 26 director
1885 1467 34 26 of
1942 1474 114 24 campus

1461 1507 127 32 security,
1606 1506 59 27 said
1683 1505 134 32 although
1835 1504 45 26 the
1897 1504 74 26 three
1988 1511 69 19 were

1461 1549 48 22 not
1530 1543 95 27 forced
1645 1547 28 22 to
1693 1543 74 26 leave
1785 1549 125 25 campus,
1930 1549 15 18 a
1965 1545 91 27 report

1461 1590 55 17 was
1527 1580 66 27 filed
1604 1581 35 31 by
1650 1580 40 26 his
1700 1579 125 27 officers.

1494 1628 114 26 Vincent
1628 1628 30 25 P.
1678 1627 144 32 Knipfing,
1841 1627 58 26 vice
1916 1627 137 32 president

1458 1664 44 26 for
1523 1664 116 26 Student
1659 1664 118 31 Affairs,
1799 1663 58 27 said
1877 1664 176 32 disciplinary

1457 1701 106 27 actions
1589 1701 91 27 would
1706 1701 34 27 be
1766 1701 81 26 taken
1872 1708 30 19 as
1927 1708 71 19 soon
2023 1708 30 19 as

1457 1738 130 32 possible.
1603 1738 58 26 The
1674 1738 77 26 letter
1766 1737 73 27 from
1854 1738 45 26 the
1912 1737 96 27 Office
2021 1738 34 25 of

1457 1775 116 26 Student
1596 1774 109 27 Affairs
1727 1782 56 19 was
1806 1779 59 21 sent
1889 1779 30 21 to
1941 1774 46 26 the
2009 1774 30 26 of-

1458 1811 109 27 fenders
1585 1811 153 33 informing
1755 1811 74 27 them
1847 1811 63 32 they
1926 1811 55 27 had
1999 1811 55 27 five

1457 1849 67 31 days
1534 1853 30 21 to
1574 1856 115 24 prepare
1700 1848 44 26 for
1754 1856 16 18 a
1781 1848 121 31 hearing.

1573 1884 125 27 students
1710 1892 51 19 can
1775 1884 62 27 take
1849 1892 54 24 any
1915 1884 92 26 action
2020 1892 32 18 or

1455 1922 38 25 do
1522 1928 53 24 any
1606 1921 110 31 activity
1746 1921 58 26 that
1834 1926 142 26 promotes
2006 1921 46 26 the

1456 1958 112 32 identity
1589 1966 32 18 or
1641 1958 135 26 existence
1796 1958 34 26 of
1849 1959 71 25 PKT
1940 1966 36 18 on
1998 1958 53 25 this

1610 2004 32 17 or
1660 2000 25 22 at
1705 2003 53 24 any
1776 1995 147 32 university
1941 1995 110 32 activity

1455 2032 46 27 off
1510 2040 124 25 campus,
1648 2032 133 33 Knipfing
1792 2032 68 27 said.

1492 2070 74 25 "I'm
1595 2070 115 26 amazed
1740 2070 57 26 that
1828 2070 63 31 they
1921 2075 71 21 want
2022 2075 30 21 to

1455 2107 129 26 continue
1607 2107 54 25 this
1685 2107 65 25 kind
1774 2107 34 25 of
1828 2107 221 26 confrontation.

1457 2145 50 25 But
1519 2145 22 25 if
1551 2144 83 26 that's
1645 2144 71 26 what
1729 2145 63 31 they
1804 2150 70 20 want
1888 2150 27 20 to
1926 2145 48 29 do,
1987 2145 63 25 then

1456 2181 69 27 we'll
1702 2181 33 27 he
1746 2181 68 27 said.

1492 2220 29 25 Pi
1547 2220 98 31 Kappa
1669 2220 87 25 Theta
1782 2227 54 18 was
1863 2219 188 31 permanently

1455 2257 109 25 banned
1587 2257 72 25 from
1680 2264 114 24 campus
1815 2257 34 31 by
1871 2257 133 31 Knipfing
2024 2256 26 25 in

1456 2294 150 25 December
1644 2294 64 25 1984
1742 2293 42 26 for
1817 2302 15 17 a

1455 2331 95 26 record
1562 2331 33 26 of
1604 2331 193 32 irresponsible

1492 2369 28 24 In
1541 2376 15 18 a
1578 2368 76 26 letter
1675 2373 29 21 to
1723 2369 66 25 each
1812 2368 120 26 member
1954 2368 33 26 of
2005 2368 45 25 the

1454 2405 153 25 disbanded
1637 2405 142 31 fraternity
1806 2405 82 25 dated
1917 2405 61 31 July
2009 2405 39 30 10,

1458 2442 75 30 1985,
1552 2442 133 32 Knipfing
1702 2442 58 26 said
1779 2442 69 26 PKT
1863 2442 101 32 jerseys
1981 2450 69 18 were

1453 2484 47 20 not
1512 2479 116 26 allowed
1640 2487 36 18 on
1687 2487 124 24 campus.

1490 2515 133 32 Knipfing
1646 2517 166 25 announced
1838 2518 71 29 Aug.
1935 2517 32 24 27
1992 2516 56 25 that

1452 2560 53 24 any
1529 2552 105 32 Loyola
1654 2553 109 26 student
1787 2553 62 26 who
1870 2553 25 25 in
1917 2561 53 24 any
1992 2561 58 23 way

1452 2594 131 26 supports
1603 2589 45 26 the
1669 2590 103 25 former
1794 2589 29 26 Pi
1845 2590 98 30 Kappa
1963 2590 87 25 Theta

2102 501 143 31 fraternity
2289 507 37 19 on
2370 507 115 25 campus
2530 500 91 26 would
2666 500 32 26 be

2101 537 155 31 suspended
2268 537 44 26 for
2322 542 27 21 at
2360 537 67 26 least
2438 544 16 18 a
2464 542 139 21 semester.

2138 574 62 25 Last
2229 573 124 33 Friday's
2381 578 94 22 events
2503 574 88 31 began
2620 574 77 25 when

2100 618 115 25 campus
2236 611 116 32 security
2373 610 115 27 officers
2509 619 56 18 saw
2587 611 109 32 Young,

2101 648 125 26 Robbins
2239 648 54 26 and
2308 648 162 26 Laarbera
2482 648 26 26 in
2522 648 46 26 the
2581 648 116 26 Orleans

2101 686 101 25 Room.
2223 686 99 31 Young
2341 685 58 26 said
2417 685 45 26 the
2479 685 116 26 officers
2613 685 84 26 asked

2100 722 73 26 them
2205 722 44 26 for
2279 722 109 26 student
2421 723 61 30 IDs,
2515 722 88 26 which
2635 722 62 31 they

2099 759 90 27 didn't
2218 759 70 27 have
2316 764 27 22 at
2373 759 45 27 the
2447 759 75 31 time,
2553 759 55 27 and
2638 759 58 27 said

2100 797 133 32 Knipfing
2244 797 106 26 wanted
2362 802 30 21 to
2402 804 44 19 see
2455 797 85 26 them.

2227 834 46 26 felt
2294 835 56 25 that
2371 834 23 26 if
2411 835 34 25 he
2465 834 155 32 [Knipfing]
2642 834 53 26 had

2098 871 133 32 anything
2243 875 29 22 to
2283 879 47 24 say
2342 876 29 21 to
2382 880 42 22 us,
2438 871 33 26 he
2482 871 83 26 could
2577 880 48 23 say
2636 871 17 26 it
2666 876 29 21 to

2099 917 30 18 us
2144 908 26 27 in
2186 908 75 27 front
2275 908 33 27 of
2321 909 45 26 the
2381 908 88 27 whole
2483 909 109 26 student
2609 909 84 32 body,

2098 946 88 25 which
2197 946 34 26 he
2241 946 109 26 refused
2438 946 99 32 Young
2548 946 69 26 said.

2134 984 100 30 Young
2259 983 59 26 said
2344 983 116 31 security
2485 983 115 26 officers
2626 984 67 25 took

2098 1020 118 31 pictures
2230 1020 35 26 of
2277 1020 74 26 them
2366 1020 48 26 but
2429 1020 47 26 did
2493 1025 46 21 not
2555 1020 48 26 ask
2620 1020 73 26 them

2098 1062 29 22 to
2138 1057 75 26 leave
2223 1064 126 25 campus.
2363 1057 58 26 The
2432 1057 124 27 students
2569 1057 66 27 later
2646 1062 46 27 got

2097 1094 69 26 their
2183 1095 50 25 IDs
2250 1094 73 26 from
2339 1094 82 26 home
2436 1094 54 26 and
2506 1095 97 25 turned
2619 1094 74 26 them

2097 1130 26 26 in
2134 1135 30 21 to
2174 1130 126 32 security.

2129 1195 128 32 Wearing
2276 1195 69 26 PKT
2360 1195 101 31 jerseys
2479 1201 55 19 was
2551 1201 17 18 a
2585 1200 59 25 way
2661 1198 30 21 to

2093 1236 103 28 protest
2219 1236 55 21 two
2294 1231 103 32 things,
2420 1232 100 30 Young
2541 1230 69 26 said.
2632 1230 59 26 The

2094 1269 59 26 first
2164 1276 109 23 reason,
2285 1268 33 26 he
2328 1268 71 30 said,
2410 1275 55 19 was
2476 1272 28 22 to
2515 1272 105 27 protest
2631 1267 57 26 that

2093 1306 135 27 members
2266 1310 102 22 cannot
2407 1312 70 19 wear
2513 1305 102 31 jerseys
2653 1311 36 19 on

2092 1350 125 25 campus.
2228 1342 59 26 The
2297 1342 102 26 second
2410 1349 55 18 was
2476 1346 28 21 to
2515 1345 104 28 protest
2631 1341 57 25 that

2232 1379 62 26 who
2310 1379 104 26 choose
2429 1383 30 22 to
2474 1377 135 28 associate
2625 1377 63 26 with

2093 1417 45 26 the
2170 1416 203 33 organization,
2406 1422 67 20 even
2506 1422 37 19 on
2576 1422 35 19 an
2644 1414 47 26 off

2092 1453 195 33 campus-only
2318 1453 73 26 basis
2424 1473 5 5 .
2448 1473 5 5 .
2471 1473 5 5 .
2511 1452 66 32 [are]
2609 1451 80 32 being

2093 1490 129 27 harassed
2236 1490 36 32 by
2285 1490 46 26 the
2344 1489 115 27 Student
2473 1489 108 26 Affairs
2595 1488 95 27 Office

2095 1528 43 26 for
2153 1528 58 26 that
2227 1527 167 27 association
2409 1534 67 19 even
2491 1526 24 26 if
2527 1526 46 26 it's
2587 1526 102 31 strictly

2094 1565 62 33 kept
2167 1565 49 26 off

2128 1618 100 30 Young
2255 1616 59 26 said
2342 1615 186 33 employment
2558 1615 34 26 of
2619 1615 69 26 PKT

2092 1654 136 27 members
2264 1653 21 27 is
2321 1653 80 32 being
2437 1653 159 26 threatened
2632 1653 54 25 and

2091 1692 142 26 whenever
2246 1698 17 20 a
2277 1691 122 26 member
2411 1696 58 26 gets
2484 1690 59 26 into
2557 1697 53 24 any
2625 1695 63 26 type

2090 1729 34 26 of
2144 1728 109 27 trouble
2275 1728 64 26 with
2362 1728 46 26 the
2429 1727 159 31 university,
2611 1727 34 26 he
2666 1726 21 27 is

2091 1766 82 32 being
2189 1765 129 26 harassed
2335 1765 55 26 and
2407 1764 103 27 treated
2527 1764 161 32 differently

2092 1804 117 26 because
2218 1802 34 27 of
2261 1802 40 27 his
2311 1802 168 27 association
2490 1802 64 26 with
2567 1802 79 26 PKT.

2364 1859 98 31 Young
2476 1858 69 30 said,
2609 1858 79 26 don't

2095 1896 50 25 feel
2165 1896 53 25 Mr.
2239 1895 132 31 Knipfing
2389 1902 50 18 can
2458 1895 120 31 suspend
2597 1902 30 18 us
2646 1895 43 25 for

2093 1932 71 25 what
2180 1940 39 17 we
2233 1931 47 26 did
2295 1931 126 31 because,
2438 1931 147 31 according
2601 1936 28 21 to
2644 1931 45 26 the

2093 1968 109 27 student
2219 1968 165 31 handbook,
2400 1968 82 27 we're
2497 1968 131 27 afforded
2645 1968 45 26 the

2094 2006 69 31 right
2179 2011 29 20 to
2223 2006 126 31 peaceful
2364 2011 103 26 protest
2483 2013 30 18 as
2528 2005 64 32 long
2607 2013 29 18 as
2651 2013 39 18 we

2094 2043 79 26 don't
2186 2042 106 32 disrupt
2306 2043 45 25 the
2362 2042 126 26 essential
2501 2042 145 32 operation
2659 2042 33 25 of

2095 2080 44 26 the
2156 2079 156 32 university,
2331 2079 86 26 which
2436 2080 7 26 1
2460 2079 79 26 don't
2558 2079 76 26 think
2652 2087 39 18 we

2130 2154 142 30 Although
2289 2153 132 31 Knipfing
2437 2153 90 25 would
2544 2158 46 20 not
2608 2161 46 23 say
2670 2153 22 25 if

2095 2190 32 26 he
2140 2190 115 32 thought
2271 2190 45 26 the
2328 2190 75 26 three
2416 2190 123 26 students
2553 2189 90 27 would
2659 2190 31 25 be

2094 2227 166 32 suspended,
2288 2227 33 26 he
2347 2227 69 29 said,
2446 2227 101 25 "We'll
2576 2227 33 25 let
2637 2227 53 25 due

2094 2272 110 23 process
2215 2264 63 25 take
2289 2264 32 25 its

2126 2326 58 25 The
2204 2326 75 26 letter
2300 2327 99 30 Young
2420 2327 121 26 received
2563 2327 123 31 Monday

2090 2363 123 25 outlined
2232 2363 44 25 the
2293 2364 152 30 procedure
2460 2369 29 20 to
2507 2364 32 26 be
2557 2364 129 26 followed

2092 2399 42 27 for
2158 2408 15 18 a
2198 2400 121 32 hearing.
2347 2401 19 25 It
2392 2400 57 26 said
2475 2401 44 25 the
2543 2401 143 26 offenders

2090 2437 82 26 could
2199 2437 79 32 plead
2305 2437 85 32 guilty
2416 2445 31 19 or
2473 2443 46 21 not
2547 2438 84 32 guilty
2659 2445 27 20 to

2089 2474 112 31 charges
2229 2474 33 25 of
2288 2474 103 32 alleged
2419 2475 133 25 violation
2581 2476 33 25 of
2639 2476 32 26 ad-

2090 2510 179 27 ministrative
2280 2511 186 26 instructions.

2128 2562 100 30 Young
2247 2559 58 27 said
2327 2560 32 25 he
2379 2559 51 26 will
2452 2559 135 32 probably
2609 2559 77 31 plead

2092 2603 45 21 not
2151 2597 93 32 guilty.

813 2675 418 115 Beggars
1263 2701 175 88 egg
1463 2695 130 65 on
1627 2671 327 111 ADG,
1986 2673 320 117 injury
2338 2677 340 90 results

952 2852 37 29 By
1001 2852 89 30 Becky
1102 2851 171 25 Weslerlund

1018 2889 83 24 News
1110 2887 99 26 Editor

853 2972 45 24 An
925 2971 97 32 egging
1049 2971 120 27 incident
1197 2977 27 21 at
1252 2972 45 27 the
1323 2972 91 33 Alpha

818 3007 83 26 Delta
948 3008 125 26 Gamma
1122 3009 154 32 fraternity
1324 3010 90 26 house

816 3044 137 33 Saturday
976 3045 77 32 night
1078 3045 118 27 resulted
1220 3046 27 25 in
1271 3046 90 33 injury
1385 3052 29 21 to

816 3081 74 26 John
921 3082 138 32 Deveney,
1090 3082 125 28 business
1244 3084 170 32 sophomore

814 3118 56 25 and
881 3119 123 25 member
1013 3119 35 26 of
1056 3120 45 25 the
1113 3121 117 31 Beggars
1242 3121 153 32 fraternity.

850 3172 115 26 Vincent
985 3173 30 25 P.
1035 3172 146 32 Knipfing,
1199 3172 58 26 vice
1274 3173 138 31 president

815 3209 44 26 for
904 3209 115 26 Student
1064 3209 119 30 Affairs,
1229 3209 109 27 refused
1384 3215 29 21 to

813 3250 140 22 comment
989 3246 48 26 but
1069 3246 64 26 -said
1169 3246 45 26 the
1250 3246 95 27 Office
1380 3246 34 27 of

814 3282 115 27 Student
952 3282 108 27 Affairs
1082 3282 21 27 is
1126 3282 168 32 conducting
1315 3291 35 18 an
1372 3283 28 26 in-

813 3319 163 32 vestigation
988 3319 59 26 into
1057 3320 46 25 the
1113 3319 130 27 incident.

849 3387 127 32 Deveney
994 3387 59 26 said
1071 3387 34 27 he
1124 3387 84 27 threw
1228 3392 54 22 two
1300 3396 63 24 eggs
1381 3393 27 21 at

812 3425 46 26 the
872 3425 80 26 ADG
967 3425 97 26 house.
1081 3425 87 26 When
1183 3425 136 26 members
1331 3432 79 20 came

811 3466 50 21 out
872 3461 33 27 of
915 3462 45 25 the
971 3462 98 30 house,
1081 3462 93 26 others
1186 3461 127 27 involved
1325 3462 27 26 in
1364 3463 46 25 the

811 3498 108 32 egging,
966 3498 94 27 whose
1106 3507 95 18 names
1247 3507 68 18 were
1361 3504 47 22 not

811 3535 146 32 available,
985 3536 102 27 started
1115 3536 119 32 running
1260 3544 88 25 away,
1376 3537 34 26 he

811 3572 69 27 said.
897 3574 128 31 Deveney
1037 3574 59 26 said
1109 3574 34 26 he
1156 3581 55 19 was
1224 3574 64 27 then
1302 3574 107 27 tackled

811 3610 35 31 by
877 3610 61 26 Tim
971 3611 122 30 Prosser,
1127 3611 116 26 Russian
1275 3612 136 32 language

810 3646 94 32 junior
914 3648 56 25 and
981 3648 122 26 member
1113 3648 34 25 of
1156 3649 90 25 ADG.

1531 2833 118 32 thought
1664 2833 8 26 I
1687 2833 92 26 would
1794 2833 69 26 have
1876 2837 28 21 to
1917 2839 79 18 come
2009 2838 37 24 up

1453 2871 131 32 swinging
1606 2875 30 21 to
1656 2875 44 26 get
1831 2870 127 29 Deveney
1980 2867 68 27 said.

1455 2908 118 30 Instead,
1596 2907 33 26 he
1650 2907 59 25 said
1731 2907 112 25 Prosser
1865 2905 57 27 told
1943 2905 56 25 him
2021 2910 29 20 to

1452 2945 63 26 cool
1536 2945 94 30 down,
1653 2944 58 26 that
1734 2943 64 32 they
1819 2943 89 26 didn't
1932 2942 67 26 need
2021 2947 29 20 to

1454 2982 80 32 fight.

1488 3033 127 30 Deveney
1627 3031 58 26 said
1698 3031 33 26 he
1744 3030 118 29 relaxed,
1877 3029 125 30 thinking
2015 3028 33 26 he

1451 3070 92 26 would
1559 3070 34 26 be
1608 3069 61 26 able
1685 3073 29 21 to
1729 3067 70 27 walk
1815 3075 87 23 away,
1919 3066 47 26 but
1983 3065 64 27 then

1452 3109 112 25 Prosser
1574 3107 55 26 and
1640 3114 16 18 a
1668 3105 89 27 friend
1768 3113 32 18 or
1811 3110 55 21 two
1878 3103 101 33 pinned
1991 3102 56 26 him

1451 3145 55 26 and
1522 3143 92 33 pulled
1630 3143 57 27 him
1703 3143 121 26 between
1840 3147 55 20 two
1910 3139 138 32 buildings

1451 3181 89 27 where
1551 3181 62 32 they
1624 3179 156 34 repeatedly
1790 3179 38 25 hit
1839 3178 67 25 him.

1484 3229 93 25 When
1626 3227 169 31 Deveney's
1842 3225 202 33 companions

1447 3265 128 26 returned
1589 3265 43 26 for
1645 3264 66 29 him,
1725 3264 33 26 he
1769 3264 58 26 said
1840 3263 33 26 he
1885 3270 54 19 was
1950 3269 37 19 on
1999 3263 45 25 the

1446 3302 119 32 ground.
1590 3302 44 26 He
1654 3301 58 26 said
1736 3301 33 25 he
1791 3308 54 19 was
1868 3300 58 26 told
1948 3305 27 21 at
1999 3300 46 25 the

1446 3338 121 32 hospital
1578 3338 58 26 that
1649 3338 34 26 he
1693 3337 120 26 blanked
1825 3342 47 21 out
1886 3337 117 26 because
2013 3337 34 26 of

1447 3375 125 32 multiple
1592 3374 163 27 contusions
1777 3379 30 21 to
1828 3374 46 26 the
1896 3374 81 27 head.
2003 3374 43 27 He

1446 3412 59 26 also
1516 3412 54 26 had
1581 3419 16 19 a
1607 3411 178 30 concussion,
1798 3418 81 20 nerve
1889 3412 118 31 damage
2018 3411 26 26 in

1446 3449 45 26 the
1507 3449 60 26 face
1583 3448 55 26 and
1654 3453 29 21 to
1699 3448 45 26 the
1759 3456 58 24 eye,
1835 3456 77 18 more
1928 3448 67 26 than
2012 3449 33 25 28

1446 3486 110 26 stitches
1568 3486 75 26 close
1656 3490 28 22 to
1698 3485 40 27 his
1751 3485 48 27 left
1813 3494 58 24 eye,
1886 3485 54 27 and
1954 3493 92 19 severe

1446 3523 130 28 abrasion
1600 3523 56 27 and
1680 3523 135 27 infection
1838 3523 34 26 of
1895 3523 45 26 the
1965 3523 78 26 knee.

1447 3562 128 31 Deveney
1595 3561 58 26 said
1674 3561 34 26 he
1727 3561 22 25 is
1770 3566 46 20 not
1838 3566 41 26 yet
1901 3567 61 19 sure
1981 3560 64 26 how

1446 3606 92 19 severe
1548 3598 75 26 these
1633 3598 132 31 damages
1775 3606 55 18 are.

1536 3659 81 19 never
1639 3652 119 26 touched
1780 3652 69 26 their
1871 3658 139 25 property.
2036 3653 6 25 I

2084 2838 54 19 was
2157 2837 92 20 across
2268 2831 46 25 the
2468 2832 127 33 Deveney
2614 2835 68 26 said.

2285 2868 7 25 I
2322 2868 79 25 think
2429 2876 54 18 one
2509 2877 49 24 egg
2587 2870 20 27 is
2635 2878 46 20 noi

2084 2904 155 32 equivalent
2263 2910 29 21 to
2314 2911 160 26 permanent
2501 2906 79 26 facial
2604 2915 80 17 nerve

2121 3001 112 25 Prosser
2255 3001 55 25 and
2335 3003 80 24 ADG
2439 3002 136 32 president
2601 3003 83 32 Terry

2085 3038 83 25 Dunn
2181 3037 59 27 said
2254 3038 64 31 they
2331 3038 53 26 will
2399 3039 96 26 follow
2508 3040 45 25 the
2568 3040 113 26 Student

2083 3074 109 26 Affairs
2207 3082 111 24 process
2332 3076 55 26 and
2402 3076 124 26 declined
2541 3084 139 19 comment

2082 3116 27 21 at
2120 3111 54 26 this
2185 3111 74 27 time.

2121 3179 118 31 Beggars
2264 3178 137 32 president
2426 3177 60 25 Tim
2513 3176 87 26 Babin
2625 3175 59 27 said

2085 3216 58 25 that
2159 3215 34 27 he
2209 3215 22 26 is
2247 3220 47 21 not
2311 3223 62 18 sure
2388 3214 120 26 whether
2525 3214 45 26 the
2586 3218 98 21 matter

2085 3253 52 26 will
2161 3253 33 26 be
2217 3252 120 27 handled
2359 3260 38 19 on
2419 3259 35 19 an
2478 3250 151 27 individual
2653 3257 31 20 or

2087 3290 143 32 fraternity
2242 3290 83 27 basis.
2339 3290 42 26 He
2391 3289 58 26 said
2460 3289 34 25 he
2504 3296 58 18 sees
2573 3288 17 25 it
2601 3296 37 17 on
2650 3295 34 18 an

2087 3328 151 26 individual
2255 3328 83 26 basis.
2355 3327 58 25 The
2428 3325 97 32 egging
2542 3326 54 25 and
2616 3325 66 31 fight

2086 3366 46 26 did
2155 3372 47 19 not
2225 3366 63 25 take
2308 3365 78 31 place
2406 3363 107 30 before,
2534 3362 100 32 during
2654 3370 30 18 or

2087 3403 72 26 after
2169 3412 14 17 a
2197 3402 141 31 fraternity
2348 3406 91 24 event,
2452 3400 87 26 Babin
2551 3399 67 26 said.

2214 3465 79 26 don't
2321 3464 77 26 think
2424 3464 86 25 either
2537 3463 141 31 fraternity

2082 3502 99 26 should
2210 3502 33 26 be
2272 3502 62 26 held
2363 3500 170 33 responsible
2563 3500 43 26 for
2635 3500 44 26 the

2082 3539 105 26 actions
2198 3539 33 25 of
2239 3546 16 19 a
2267 3539 51 25 few
2542 3538 33 25 he
2586 3537 69 26 said.

2118 3577 42 25 He
2176 3576 58 25 said
2250 3583 15 18 a
2281 3575 121 26 decision
2420 3574 21 25 is
2457 3574 130 32 expected
2606 3574 72 25 from

2082 3613 44 25 the
2153 3612 95 26 Office
2274 3612 34 26 of
2332 3611 114 27 Student
2475 3610 109 28 Affairs
2610 3616 25 22 at
2664 3618 14 19 a

2082 3649 111 31 hearing
2204 3649 148 26 scheduled
2363 3648 94 31 today.

196 121 202 33 February
409 118 151 33 7,1986

1318 122 64 37 gy
1393 121 198 29 MAROOM

2554 18 138 142 3
