2876 3761
281 209 135 128 At
460 209 88 125 A
596 209 409 128 Glance

374 455 45 36 On
433 455 146 45 Campus
593 454 123 37 Events

252 554 66 25 BSU
329 554 146 26 GOSPEL
485 555 111 26 SHOW

278 602 46 21 The
346 602 66 21 Black
435 602 91 21 Student
549 603 75 21 Union
645 603 16 21 is
682 603 131 26 sponsoring
834 610 11 14 a

249 631 75 26 gospel
348 631 61 21 show
432 632 87 25 Friday,
543 633 52 20 Feb.
622 634 23 20 14
667 637 20 17 at
712 634 11 19 7
745 639 55 19 p.m.
823 633 22 21 in

250 662 142 20 Nunemaker
414 662 58 21 Hall.
493 662 47 22 The
558 662 93 22 Orleans
673 662 74 22 Parish
768 662 77 22 Prison

248 691 83 26 Gospel
348 691 71 21 Choir
436 691 41 21 will
495 692 63 21 make
574 698 13 15 a
603 693 80 25 special
700 699 143 19 appearance.

249 721 137 21 Admission:
402 722 87 25 general
502 722 83 25 public,
600 722 34 24 $3;
649 723 84 25 Loyola
746 723 98 21 students

248 751 51 21 with
324 751 58 21 valid
409 752 38 24 ID,
472 751 34 25 $2;
532 752 53 21 BSU
610 752 115 25 members,
751 752 34 22 SI.
811 753 22 20 In-

249 781 132 21 formation:
390 785 43 18 ext.
443 782 63 21 2785.

248 848 288 26 ALLTHATJAZZ

276 896 35 20 An
335 895 91 26 evening
450 895 27 21 of
497 896 48 25 jazz
569 895 49 21 with
643 896 78 26 pianist
745 896 97 21 Sanford

248 925 113 21 Hinderlie
383 926 44 20 and
450 926 90 21 vocalist
565 926 48 21 Lise
636 927 91 20 Vachon
751 926 42 21 will
816 927 26 21 be

247 955 114 26 presented
386 955 97 26 Sunday,
509 956 51 21 Feb.
589 957 31 24 16,
646 956 11 21 8
681 962 54 20 p.m.
761 956 22 21 in
806 956 36 21 the

246 985 297 22 Communications/Music
561 987 107 25 Complex
687 987 155 25 performance

246 1015 51 21 hall.
310 1016 46 20 The
367 1020 87 17 concert
468 1016 16 21 is
497 1016 44 21 free
552 1016 44 22 and
607 1022 58 20 open
677 1021 23 17 to
712 1016 35 22 the
759 1017 80 26 public.

247 1045 156 21 Information:
414 1046 114 21 865-2773.

246 1114 181 26 'TRADING
439 1115 152 25 PLACES'

276 1161 93 26 Trading
386 1161 83 25 Places,
487 1162 93 25 starring
597 1162 69 21 Eddie
684 1163 96 25 Murphy
796 1163 43 21 and

245 1192 48 20 Dan
309 1192 115 25 Aykroyd,
440 1192 41 20 will
497 1192 26 21 be
537 1192 76 21 shown
629 1192 21 21 in
666 1192 35 22 the
716 1192 62 22 Wolf
792 1193 47 21 Pub

244 1221 147 26 Wednesday,
406 1222 50 20 Feb.
474 1222 24 20 19
510 1226 21 17 at
546 1223 50 21 7:30
607 1223 44 20 and
663 1223 51 21 9:30
726 1229 54 19 p.m.
794 1223 45 21 The

243 1256 62 16 event
324 1252 16 21 is
358 1258 12 15 a
388 1252 149 25 presentation
556 1253 26 20 of
598 1253 37 21 the
653 1253 84 26 Loyola
756 1253 82 22 Union.

244 1281 128 22 Admission
382 1281 16 22 is
408 1281 51 22 free.
471 1282 157 21 Information:
637 1286 43 17 ext.
690 1283 63 21 2131.

244 1349 122 26 DELTA
378 1350 119 25 SIGMA
509 1350 33 25 PI
555 1350 171 26 LECTURE

271 1397 95 21 William
376 1397 87 24 Schaff,
474 1397 82 21 branch
567 1403 103 20 manager
679 1398 44 21 and
733 1397 105 27 principal

242 1426 27 21 of
291 1426 91 21 Pioneer
407 1427 99 21 Western
530 1427 151 25 Corporation
705 1427 42 21 will
772 1428 65 25 speak

243 1456 108 26 Monday,
367 1457 50 21 Feb.
435 1457 23 21 17
472 1461 20 17 at
507 1457 11 22 5
532 1463 54 20 p.m.
602 1457 21 21 in
636 1457 93 22 Octavia
744 1458 7 21 I
764 1457 27 22 of
802 1457 36 22 the

243 1487 79 20 Danna
338 1486 88 21 Center.
444 1486 46 21 The
506 1491 62 16 event
585 1487 17 21 is
618 1493 12 15 a
647 1487 148 26 presentation
812 1487 27 21 of

243 1516 62 21 Delta
325 1517 73 25 Sigma
418 1517 23 20 Pi
459 1523 24 15 as
502 1521 46 21 part
568 1517 26 21 of
611 1518 35 20 the
664 1517 173 26 organization's

242 1546 147 26 professional
406 1546 113 22 activities.
537 1547 46 21 The
600 1547 74 26 public
690 1547 17 21 is
724 1547 110 21 welcome.

243 1576 156 21 Information:
409 1580 42 17 ext.
462 1577 62 21 3508.

254 1644 144 25 PURPLE
409 1644 103 25 RAIN'

270 1690 123 21 Budweiser
405 1691 43 20 and
462 1690 35 21 the
511 1691 84 26 Loyola
607 1691 75 21 Union
695 1691 41 20 will
750 1695 84 22 present

242 1721 79 25 Purple
335 1721 55 20 Rain
404 1721 86 24 Friday,
506 1721 50 21 Feb.
571 1722 23 20 21
610 1725 19 17 at
645 1721 106 26 midnight
766 1721 21 21 in
800 1722 35 20 the

242 1750 62 21 Wolf
325 1750 55 22 Pub.
403 1750 69 22 Drink
495 1750 91 27 specials
607 1750 42 22 will
672 1751 26 21 be
719 1750 115 22 available.

242 1780 128 21 Admission
380 1780 16 21 is
405 1780 52 21 free.
469 1781 156 21 Information:
635 1785 33 17 ext
678 1781 62 21 2131.

242 1848 115 25 FAGIN
369 1848 137 25 SPEAKS

268 1895 46 21 The
343 1895 53 21 Rev.
426 1895 81 21 Gerald
538 1895 75 26 Fagin,
643 1896 56 25 S.J.,
728 1895 107 21 associate

239 1925 113 25 professor
362 1926 27 20 of
398 1926 102 25 religious
511 1926 91 24 studies,
613 1926 42 20 will
666 1926 79 21 deliver
757 1926 35 21 the
804 1927 29 20 H.

239 1956 73 20 James
326 1955 130 25 Yamauclii,
469 1956 55 25 S.J.,
539 1955 79 22 lecture
631 1956 98 26 Sunday,
743 1956 51 21 Feb.
807 1956 26 21 23

237 1990 21 16 at
276 1986 11 19 7
303 1992 54 19 p.m.
375 1986 21 20 in
413 1986 140 21 Nunemaker
571 1986 58 21 Hall.
647 1987 66 25 Fagin
731 1986 41 21 will
789 1986 43 21 talk

237 2016 68 21 about
431 2016 100 26 Ignation
562 2016 110 21 Exercises
701 2016 43 21 and
773 2016 45 21 Con-

237 2050 127 21 temporary
599 2046 157 21 Information:
788 2050 43 17 ext.

237 2076 62 21 2284.

235 2143 125 26 THREE
371 2143 116 27 BALLS
497 2144 38 25 IN
547 2144 72 26 REC
629 2144 149 26 CENTER

265 2191 147 25 Registration
426 2191 36 21 for
476 2191 36 21 the
526 2192 43 20 Rec
582 2192 101 20 Center's
697 2192 133 25 racquetball

235 2220 101 25 doubles,
353 2220 90 21 softball
460 2220 43 21 and
519 2221 144 26 cabbageball
679 2225 152 17 tournaments

234 2250 59 21 close
309 2251 50 20 Feb.
380 2251 31 20 18.
427 2251 47 21 The
489 2255 152 17 tournaments
657 2251 63 25 begin
737 2251 50 21 Feb.
804 2251 26 21 23

234 2280 43 21 and
287 2280 33 22 24.
332 2280 157 22 Information:
498 2285 43 17 ext.
552 2281 62 21 3137.

361 2357 48 34 Off
424 2357 144 43 Campus
585 2358 120 34 Events

240 2467 268 29 PREPARATION
519 2470 73 27 FOR
603 2470 97 28 LENT

260 2520 46 22 The
339 2520 133 22 Dominican
504 2520 140 22 Conference
675 2520 80 22 Center
786 2520 42 22 will

232 2554 86 22 present
327 2557 13 15 a
349 2550 154 26 prayer-study
513 2551 103 21 weekend
625 2556 30 15 on
664 2551 36 21 the
709 2551 84 25 subject
803 2551 27 21 of

355 2581 140 21 Movements
509 2581 22 21 in
544 2581 69 21 Adult
794 2581 34 21 led

232 2612 28 24 by
268 2611 32 21 Sr.
311 2611 65 25 Mary
384 2611 196 25 O'Shaughnessy,
589 2611 67 24 0.P.,
666 2611 51 21 Feb.
721 2611 43 21 7-8.
774 2611 55 21 Two

232 2641 60 26 night
307 2641 92 22 lectures
414 2641 28 25 by
457 2641 35 21 the
508 2641 53 21 Rev.
578 2641 87 21 Francis
681 2641 146 24 Vanderwall,

231 2671 46 22 S.J.
290 2677 30 15 on
332 2671 33 21 his
378 2671 62 21 latest
453 2671 61 21 book
531 2672 71 20 Water
613 2672 22 20 in
647 2671 38 21 the
700 2671 128 21 Wilderness

231 2708 36 15 are
276 2702 117 21 scheduled
404 2701 35 21 for
448 2702 51 21 Feb.
513 2702 23 21 12
546 2702 43 21 and
601 2702 32 24 13,
643 2702 75 21 7-9:30
726 2708 54 19 p.m.
791 2701 35 22 All

230 2735 74 18 events
325 2731 42 21 will
388 2731 27 22 be
436 2731 21 21 in
478 2732 36 20 the
536 2731 133 21 Dominican
689 2731 138 21 Conference

230 2763 88 20 Center.
329 2762 158 21 Information:
497 2762 116 21 861-8711.

230 2829 178 27 CAMPING
418 2829 86 26 TRIP
514 2829 50 27 TO
574 2829 100 26 GULF
683 2829 144 26 SHORES

258 2876 46 22 The
315 2877 43 21 Rec
368 2876 80 22 Center
459 2876 42 22 will
512 2882 95 20 sponsor
616 2882 14 15 a
638 2876 104 26 camping
752 2875 42 26 trip
803 2879 24 18 to

229 2906 57 22 Gulf
297 2906 89 25 Shores,
399 2906 61 25 Ala.,
474 2906 51 22 Feb.
541 2906 58 22 8-10.
613 2906 20 22 A
646 2906 34 22 fee
692 2906 27 22 of
731 2905 40 23 $25
785 2905 41 22 will

228 2942 65 16 cover
305 2937 176 26 transportation
493 2937 44 21 and
550 2936 69 22 rental
633 2936 52 22 fees.
699 2935 58 22 Gulf
767 2935 60 22 State

230 2967 65 25 Park,
317 2967 37 22 the
374 2967 104 26 camping
499 2967 48 24 site,
569 2967 72 21 offers
663 2973 12 15 a
697 2966 82 26 variety
801 2966 28 21 of

228 2997 143 22 recreational
381 2997 106 22 activities
496 2997 54 21 such
559 3003 24 15 as
591 2996 133 26 swimming,
735 2995 90 27 fishing,

227 3027 72 26 skiing
306 3028 44 21 and
359 3028 79 21 tennis.

227 3094 99 27 RAPE
336 3094 117 27 CRISIS
464 3094 188 27 PROGRAM

254 3142 47 21 The
310 3142 90 21 YWCA
410 3142 61 25 Rape
480 3141 67 22 Crisis
558 3142 105 26 Program
673 3141 41 22 will
724 3141 64 26 begin
797 3141 27 22 its
841 3157 6 8 ,

226 3171 75 27 spring
337 3171 95 27 training
470 3171 34 22 for
542 3171 119 22 Volunteer
696 3171 128 27 Telephone

226 3201 136 22 Counselors
391 3201 45 22 and
465 3201 146 26 Community
641 3201 123 22 Educators
793 3206 30 16 on

226 3231 123 26 Thursday,
368 3231 52 22 Feb.
441 3231 32 22 15.
491 3231 128 26 Telephone
635 3231 128 22 counselors
780 3230 43 22 will

227 3260 59 22 learn
299 3260 60 22 crisis
371 3260 129 27 counseling
512 3260 61 22 skills
585 3261 45 21 and
642 3260 43 22 will
697 3261 28 21 be
736 3260 50 22 able
799 3265 24 17 to

226 3290 51 27 help
286 3290 85 22 victims
381 3291 27 21 of
417 3291 74 22 sexual
502 3291 81 22 assault
595 3291 29 25 by
634 3291 64 26 being
707 3297 31 15 on
748 3290 42 22 call
801 3290 22 22 in

226 3320 55 22 their
300 3326 50 17 own
371 3321 85 22 homes.
478 3320 146 27 Community
642 3321 119 22 educators
779 3320 43 22 will

226 3351 59 21 learn
307 3357 52 20 rape
380 3351 129 26 prevention
531 3351 129 26 techniques
681 3351 44 22 and
748 3350 74 27 public

226 3381 105 26 speaking
338 3381 69 22 skills.
417 3381 158 22 Information:
584 3381 116 22 488-2693.

231 3440 164 26 WYNTON
406 3440 130 26 BLOWS
545 3439 62 26 HIS
616 3439 108 26 HORN

259 3488 107 25 Grammy
379 3486 167 22 award-winner
559 3486 98 26 Wynton
669 3485 103 22 Marsalis
785 3484 42 21 will

230 3518 100 26 perform
339 3517 117 25 Saturday,
466 3516 52 22 Feb.
528 3516 28 22 22
564 3516 51 21 with
624 3516 38 21 the
671 3516 53 20 New
733 3514 94 22 Orleans

230 3547 130 27 Symphony
376 3552 23 16 as
416 3550 48 22 part
480 3547 27 21 of
522 3546 36 21 the
573 3546 68 21 Great
658 3545 169 22 Performances

229 3581 87 18 concert
326 3577 73 21 series.
409 3576 46 21 The
463 3580 87 17 concert
559 3575 76 27 begins
643 3580 21 17 at
674 3575 12 22 8
695 3580 55 21 p.m.
760 3578 21 18 at
790 3574 37 21 the

229 3608 115 25 Orpheum
360 3607 102 21 Theater.
478 3606 87 21 Tickets
580 3612 36 15 are
630 3604 109 23 available
753 3608 21 18 at
790 3604 37 21 the

230 3638 43 21 box
292 3637 70 21 office
380 3636 44 21 and
442 3640 22 17 at
484 3635 28 22 all
531 3635 158 22 Ticketmaster
707 3634 117 22 locations.

230 3667 157 22 Information:
398 3666 115 22 524-0340.

864 2855 86 26 AIDS
960 2855 227 27 INTERFAITH
1198 2856 156 27 SERVICE

892 2902 35 20 An
935 2901 70 22 AIDS
1012 2901 113 23 interfaith
1134 2903 80 21 service
1222 2903 42 21 will
1272 2904 62 21 mark
1344 2904 35 22 the
1387 2904 70 22 AIDS

864 2931 104 21 National
985 2932 47 25 Day
1047 2932 27 21 of
1089 2933 78 25 Prayer
1184 2933 44 21 and
1244 2933 96 27 Fasting,
1357 2933 98 27 Sunday,

863 2961 51 21 Feb.
930 2961 32 22 16.
977 2961 80 26 People
1070 2961 58 22 from
1141 2962 88 21 various
1242 2962 67 22 faiths
1321 2963 41 21 will
1373 2963 48 26 join
1433 2967 22 18 at

862 2990 31 21 St.
910 2991 85 21 Mark's
1011 2991 80 22 United
1106 2992 122 22 Methodist
1243 2993 98 25 Church,
1359 2994 54 21 1130
1427 2994 27 21 N.

863 3021 105 26 Rampart
989 3021 40 25 St.,
1050 3025 22 18 at
1092 3021 52 23 2:30
1162 3027 66 21 p.m.,
1249 3022 158 27 remembering
1427 3023 28 21 all

861 3056 91 21 persons
966 3050 51 22 who
1029 3051 56 21 have
1097 3051 51 22 died
1162 3051 60 22 from
1235 3053 78 24 AIDS,
1327 3053 64 21 those
1404 3053 51 21 who

860 3081 109 25 currently
981 3081 56 22 have
1049 3082 36 21 the
1096 3082 93 25 disease,
1201 3082 55 22 their
1268 3082 65 22 loved
1344 3088 55 16 ones
1410 3083 44 21 and

859 3110 28 22 all
897 3110 51 22 who
957 3116 37 16 are
1003 3111 99 26 working
1112 3111 36 22 for
1157 3112 56 21 their
1222 3112 92 22 benefit.
1324 3113 47 21 The
1380 3113 74 26 public

858 3140 18 22 is
884 3140 82 22 invited
974 3145 24 17 to
1005 3142 84 21 attend.

862 3200 215 28 INNSBRUCK
1087 3202 162 27 SUMMER
1259 3203 152 28 SCHOOL

889 3248 46 22 The
944 3248 125 27 University
1077 3249 28 21 of
1112 3250 53 21 New
1173 3250 94 22 Orleans
1276 3250 18 22 is
1301 3251 134 26 sponsoring
1443 3258 13 15 a

859 3278 102 22 six-week
990 3278 156 23 international
1175 3286 97 16 summer
1300 3287 104 20 program
1434 3281 21 22 in

860 3309 130 25 Innsbruck,
1007 3309 90 22 Austria
1112 3310 57 21 June
1184 3310 97 27 29-Aug.
1298 3311 20 21 9.
1335 3312 76 21 About
1428 3312 29 21 70

858 3344 88 16 courses
957 3339 42 22 will
1008 3339 27 22 be
1045 3340 76 26 taught
1131 3340 29 26 by
1170 3341 64 22 UNO
1244 3341 83 27 faculty
1337 3342 44 22 and
1390 3342 64 22 other

858 3368 118 27 university
996 3369 132 26 professors.
1148 3370 36 21 All
1203 3377 89 16 courses
1311 3371 41 22 will
1372 3372 27 22 be
1418 3372 36 22 for

858 3398 82 27 college
946 3399 77 22 credit.
1032 3400 54 21 Cost
1096 3400 36 21 for
1140 3400 37 22 the
1184 3407 105 20 program
1297 3402 42 21 will
1348 3402 28 22 be
1383 3402 71 23 $1879

857 3429 44 21 and
912 3429 97 23 includes
1021 3430 53 25 fees,
1087 3430 146 27 registration,
1244 3432 209 22 accommodations

857 3459 43 21 and
909 3464 61 16 some
979 3460 74 21 meals.
1065 3461 156 21 Information:
1231 3462 114 22 286-7116.

865 3527 234 26 AWAKENING
1109 3527 172 26 RETREAT

893 3574 99 26 Campus
1002 3574 102 26 Ministry
1114 3574 17 21 is
1141 3574 132 26 sponsoring
1283 3580 28 16 an
1321 3574 137 27 Awakening

865 3604 96 24 Retreat,
974 3609 13 16 a
1001 3603 103 22 weekend
1117 3604 28 21 of
1156 3604 114 21 reflection
1283 3604 44 21 and
1342 3604 47 25 fun,
1404 3604 52 22 Feb.

863 3634 116 22 28-March
999 3634 13 21 2
1029 3637 22 18 at
1071 3634 36 21 the
1126 3634 39 22 KC
1183 3634 79 26 Abbey
1281 3634 21 22 in
1321 3634 135 27 Covington.

864 3663 157 22 Information:
1030 3668 43 17 ext.
1084 3664 61 21 3226.

1510 2859 56 26 AS
1576 2859 78 26 YOU
1664 2860 85 27 LIKE
1757 2860 47 27 IT'

1536 2905 46 22 The
1595 2906 80 26 Acting
1689 2907 117 26 Company
1820 2912 97 22 presents
1931 2908 170 26 Shakespeare's

1507 2936 33 20 As
1557 2936 45 21 You
1615 2936 55 21 Like
1681 2937 28 24 It,
1722 2937 37 22 the
1772 2937 76 22 fourth
1862 2943 103 21 program
1978 2938 27 21 of
2016 2938 85 21 Tulane

1507 2965 125 27 University
1653 2966 99 26 Campus
1775 2967 188 26 Programming's
1986 2968 51 21 Fine
2059 2969 40 21 Art

1507 2995 77 25 Series,
1610 2999 22 18 at
1656 2996 105 22 Tulane's
1785 2998 73 21 Dixon
1884 2998 140 26 Performing
2048 2999 52 21 Arts

1507 3025 88 26 Center,
1605 3026 109 26 Monday,
1724 3027 51 21 Feb.
1788 3028 25 21 17
1822 3031 21 18 at
1853 3028 13 21 8
1875 3033 55 21 p.m.
1942 3027 156 23 Information:

1507 3056 114 22 863-5143.

1503 3104 124 27 OINGO
1636 3105 146 27 BOINGO
1790 3106 50 26 AT
1849 3107 153 26 TULANE

1531 3152 84 22 Tulane
1627 3152 124 27 University
1762 3153 100 27 Campus
1874 3154 168 26 Programming
2054 3154 42 22 will

1502 3186 87 22 present
1612 3182 75 27 Oingo
1711 3184 93 25 Boingo,
1829 3184 109 26 pop-rock
1961 3190 80 20 group,
2065 3191 31 16 on

1501 3213 124 26 Thursday,
1652 3213 51 22 Feb.
1733 3213 23 22 13
1780 3218 22 17 at
1827 3213 13 22 8
1864 3219 56 21 p.m.
1946 3213 21 22 in
1992 3214 104 22 Tulane's

1501 3242 121 22 McAlister
1637 3243 58 21 Hall.
1711 3243 87 22 Tickets
1811 3250 38 15 are
1861 3249 31 16 on
1907 3244 45 22 sale
1965 3250 51 16 now
2030 3249 21 18 at
2066 3245 29 22 all

1501 3273 158 22 Ticketmaster
1667 3273 116 23 locations.
1794 3274 156 22 Information:
1960 3274 115 23 888-8181.

1650 3360 293 35 Announcements

1498 3469 292 27 ASSERTIVENESS
1800 3469 72 27 FOR
1882 3470 144 27 WOMEN

1527 3517 35 21 Do
1573 3522 44 20 you
1629 3516 63 22 often
1704 3522 38 20 say
1753 3522 35 20 yes
1800 3517 63 22 when
1874 3522 43 21 you
1929 3517 74 22 would
2015 3517 42 22 like
2068 3522 24 17 to

1497 3552 38 20 say
1546 3546 43 21 no?
1601 3546 35 21 Do
1646 3552 62 15 some
1718 3546 79 26 people
1807 3546 50 22 take
1867 3547 124 26 advantage
2000 3548 27 21 of
2036 3554 55 20 your

1496 3576 61 25 good
1568 3576 91 21 nature?
1673 3576 19 21 Is
1703 3576 15 21 it
1730 3576 55 22 hard
1797 3580 24 18 to
1832 3582 86 20 express
1930 3578 99 25 yourself
2038 3578 52 21 with

1496 3605 145 22 confidence?
1650 3605 22 22 If
1678 3611 44 20 you
1729 3611 41 16 can
1778 3611 84 16 answer
1870 3612 36 20 yes
1915 3611 23 17 to
1946 3612 42 21 any
1997 3607 27 21 of
2031 3608 60 21 these

1496 3635 122 26 questions,
1635 3635 160 22 Assertiveness
1812 3636 36 21 for
1864 3636 93 22 Women
1973 3643 41 16 can
2031 3638 57 26 help.

1497 3665 157 22 Information:
1662 3669 44 18 ext.
1716 3666 54 22 3833
1777 3672 27 15 or
1811 3666 63 22 3226.

2162 440 203 28 YEARBOOK
2376 443 180 27 PICTURES

2191 488 20 21 If
2230 495 42 18 you
2293 490 73 21 would
2387 491 42 21 like
2449 495 23 17 to
2493 497 81 20 appear
2594 493 21 20 in
2636 494 35 21 the
2691 494 62 21 Wolf

2161 518 126 26 Yearbook,
2302 519 93 27 pictures
2410 521 41 20 will
2466 522 27 20 be
2507 522 64 21 taken
2587 523 20 21 in
2622 524 36 21 the
2673 525 78 21 Danna

2160 548 79 22 Center
2261 549 78 26 lounge
2361 551 49 21 Feb.
2437 551 69 22 17-21.
2530 552 155 23 Information:
2707 558 41 17 ext.

2159 579 63 21 2255.

2159 646 71 26 NTE
2241 647 274 28 REGISTRATION
2528 651 210 27 DEADLINES

2187 694 91 25 Regular
2300 695 137 25 registration
2460 695 34 22 for
2517 697 36 21 the
2574 699 61 24 April
2658 700 11 20 5
2691 700 56 21 NTE

2157 723 115 26 Programs
2284 724 58 21 Core
2354 725 87 26 Battery
2452 729 52 18 tests
2515 727 69 22 closes
2596 734 28 15 on
2636 729 78 21 March
2726 730 19 20 3.

2157 753 92 25 Regular
2273 755 137 24 registration
2436 756 34 21 for
2494 756 36 22 the
2553 758 61 25 April
2642 759 24 20 19
2690 760 56 21 NTE

2156 783 116 25 Programs
2285 784 107 26 Specialty
2406 786 58 20 Area
2477 790 51 17 tests
2542 787 69 21 closes
2625 794 28 15 on
2669 789 76 21 March

2157 812 32 21 17.
2200 812 154 22 Information:
2364 815 59 23 (609)
2432 816 114 21 734-5511.

2157 853 97 25 REAL
2265 854 90 25 LSAT
2366 855 71 25 FOR
2449 855 91 26 FREE

2184 900 19 20 A
2228 899 44 22 free
2294 901 44 20 and
2361 901 112 21 authentic
2498 903 72 21 LSAT
2594 903 41 21 will
2660 905 26 20 be
2709 905 25 21 ad-

2155 929 123 22 ministered
2295 937 23 14 as
2334 937 13 15 a
2364 932 94 25 practice
2474 936 49 20 test,
2542 938 68 20 noon,
2629 934 115 26 Saturday,

2155 960 51 21 Feb.
2225 961 19 20 8.
2263 960 46 22 The
2326 961 143 26 Counseling,
2488 963 80 21 Career
2587 964 156 25 Development

2153 990 43 20 and
2214 991 122 21 Placement
2354 992 79 21 Center
2450 993 41 20 will
2508 993 91 26 provide
2615 994 36 21 the
2667 999 39 16 test
2723 995 20 20 in

2152 1021 143 25 conjunction
2309 1022 50 21 with
2372 1022 36 21 the
2421 1023 75 21 review
2509 1024 82 20 session
2603 1025 86 21 offered
2703 1026 40 21 this

2152 1054 109 18 semester.
2278 1052 51 25 Sign
2345 1059 29 18 up
2390 1052 20 21 in
2428 1054 71 20 Room
2516 1054 40 21 213
2572 1054 26 21 of
2613 1054 35 22 the
2665 1055 78 21 Danna

2152 1081 87 21 Center.
2250 1081 155 22 Information:
2415 1087 42 17 ext.
2468 1084 62 21 3835.

2153 1137 160 27 ENGLISH
2324 1138 146 26 TUTORS
2481 1139 161 25 WANTED

2180 1185 45 21 The
2253 1185 157 22 International
2438 1186 91 21 Student
2558 1186 140 22 Association
2726 1186 16 22 is

2151 1214 91 26 looking
2260 1214 34 22 for
2310 1215 100 21 students
2426 1215 116 22 interested
2559 1216 22 20 in
2598 1216 97 26 tutoring
2712 1216 20 21 in-

2151 1245 131 21 ternational
2306 1246 98 20 students
2429 1246 20 20 in
2475 1246 96 25 English.
2597 1247 79 20 Tutors
2701 1247 40 20 will

2151 1275 82 21 receive
2240 1274 106 23 $5/hour.
2358 1275 155 22 Information:
2522 1280 42 17 ext.
2576 1276 60 21 3526.

2299 1356 80 36 Film
2399 1356 80 36 This
2499 1356 79 36 Week

2153 1452 109 31 Friday,
2275 1452 63 25 Feb.
2350 1452 16 25 7

2189 1499 82 21 Tulane
2285 1500 118 20 McAlister
2417 1500 58 21 Hall:
2490 1500 77 26 Gorky
2579 1501 66 23 Park,
2658 1501 12 20 8
2683 1507 63 20 p.m.;

2153 1529 143 25 Eraserhead,
2317 1530 117 25 midnight;
2457 1531 102 23 Prytaniu
2580 1532 101 20 Theatre;
2706 1532 43 20 The

2153 1560 65 26 Quiet
2226 1560 76 23 Earth,
2312 1560 57 23 5:30,
2379 1560 51 21 7:30
2437 1560 20 21 &
2473 1560 51 22 9:30
2532 1566 54 20 p.m.

2150 1599 146 31 Saturday,
2308 1599 64 26 Feb.
2385 1600 15 25 8

2187 1647 100 23 Prytaniu
2298 1647 101 20 Theatre:
2413 1647 44 21 The
2465 1648 66 25 Quiet
2540 1647 76 26 Earth,
2626 1648 58 23 5:30,
2695 1648 50 20 7:30

2149 1676 19 21 &
2184 1676 52 21 9:30
2242 1682 55 18 p.m.

2146 1705 123 31 Sunday,
2280 1706 65 25 Feb.
2357 1706 16 25 9

2183 1753 101 23 Prylania
2294 1753 102 21 Theatre:
2409 1753 43 21 The
2462 1753 65 26 Quiet
2536 1753 76 24 Earth,
2623 1754 57 24 5:30,
2691 1755 51 20 7:30

2145 1782 19 21 4
2181 1782 50 21 9:30
2239 1788 54 20 p.m.

2146 1819 134 29 Monday,
2293 1819 64 25 Feb.
2372 1819 30 24 10

2182 1865 101 24 Prylania
2293 1865 101 21 Theatre:
2407 1864 45 21 The
2460 1865 65 26 Quiet
2534 1864 77 23 Earth,
2621 1864 57 22 5:30,
2689 1864 51 20 7:30

2144 1895 19 20 4
2180 1895 51 20 9:30
2238 1900 53 19 p.m.

2147 1929 136 30 Tuesday,
2296 1929 64 25 Feb.
2374 1930 28 24 11

2184 1976 101 24 Prylania
2295 1976 101 20 Theatre:
2410 1976 43 20 The
2462 1976 66 26 Quiet
2537 1976 75 24 Earth,
2623 1977 58 23 5:30,
2692 1976 51 21 7:30

2146 2007 18 19 4
2181 2006 51 21 9:30
2240 2012 53 17 p.m.

2144 2036 183 31 Wednesday,
2340 2036 64 26 Feb.
2418 2037 31 25 12

2181 2083 101 24 Prylania
2291 2084 102 20 Theatre:
2407 2084 43 21 The
2459 2085 65 25 Quiet
2534 2085 75 23 Earth,
2620 2085 58 22 5:30,
2689 2085 50 20 7:30

2142 2113 19 21 4
2178 2113 51 21 9:30
2236 2119 54 20 p.m.

2147 2144 155 31 Thursday,
2313 2145 66 25 Feb.
2392 2145 32 25 13

2184 2191 52 21 Film
2250 2191 65 21 Buffs
2328 2192 107 20 Institute:
2452 2192 44 20 The
2506 2192 115 25 Enforcer,
2634 2193 11 19 7
2657 2193 19 20 4
2692 2193 51 20 9:30

2148 2227 63 19 p.m.;
2226 2222 102 23 Prylania
2341 2223 102 20 Theatre:
2460 2222 43 21 The
2516 2223 65 26 Quiet
2593 2223 76 23 Earth,
2683 2223 57 23 5:30,

2147 2251 77 21 7:304
2239 2251 52 21 9:30
2298 2257 54 22 p.m.

2147 2278 107 30 Friday,
2266 2278 64 25 Feb.
2345 2278 30 25 14

2181 2325 83 20 Tulane
2279 2325 119 20 McAlister
2414 2324 60 21 Hall;
2489 2324 141 26 Desperately
2645 2324 92 25 Seeking

2146 2355 78 23 Susan,
2236 2355 51 21 7:30
2297 2360 65 20 p.m.;
2374 2355 103 24 Prylania
2488 2355 102 20 Theatre:
2601 2355 32 20 La
2644 2354 92 24 Chevre,

2146 2384 143 25 5:30,7:304
2304 2384 57 26 9:30
2361 2384 57 26 p.m.

2145 2421 146 31 Saturday,
2302 2421 65 26 Feb.
2380 2421 32 27 15

2180 2468 83 21 Tulane
2275 2468 119 21 McAlister
2406 2469 58 20 Hall:
2476 2468 67 26 After
2552 2469 83 24 Hours,
2648 2469 12 21 8
2672 2475 64 19 p.m.;

2146 2498 101 25 Prylania
2262 2499 101 20 Theatre:
2378 2499 31 21 La
2423 2499 93 24 Chevre,
2534 2499 56 24 1:30,
2605 2499 57 24 3:30,
2678 2499 57 24 5:30,

2144 2528 77 21 7:304
2236 2528 57 26 9:30
2293 2528 57 26 p.m.

2144 2565 123 32 Sunday,
2277 2566 65 27 Feb.
2356 2567 32 26 16

2179 2613 83 21 Tulane
2282 2614 120 22 McAlister
2423 2615 59 22 Hall:
2504 2616 74 25 Fame,
2599 2617 51 21 7:30
2670 2623 64 20 p.m.;

2143 2642 103 25 Prylania
2259 2643 102 21 Theatre:
2375 2645 32 20 La
2421 2645 93 25 Chevre,
2533 2647 55 23 1:30,
2602 2647 59 24 3:30,
2676 2648 57 24 5:30,

2142 2671 78 23 7:304
2234 2673 52 21 9:30
2293 2680 54 19 p.m.

2141 2707 135 30 Monday,
2287 2707 65 25 Feb.
2365 2706 32 26 17

2176 2753 53 22 Film
2242 2753 66 22 Buffs
2319 2753 109 21 Institute:
2440 2753 131 24 Breathless,
2584 2753 11 20 7
2607 2753 19 21 4
2642 2753 14 21 9
2667 2758 64 20 p.m.;

2140 2784 102 24 Prylania
2273 2784 101 20 Theatre:
2406 2784 31 20 La
2468 2783 93 25 Chevre,
2593 2783 57 25 5:30,
2681 2783 52 21 7:30

2138 2813 20 22 4
2174 2813 51 22 9:30
2240 2819 55 21 p.m.

2137 2851 138 30 Tuesday,
2286 2850 65 26 Feb.
2363 2850 33 26 18

2175 2898 53 21 Film
2240 2898 65 21 Buffs
2316 2897 108 21 Institute:
2436 2897 85 24 Citizen
2531 2898 70 25 Kane,
2613 2898 12 20 7
2635 2898 20 21 4
2670 2898 59 25 9:30;

2139 2928 103 25 Prylania
2252 2928 101 21 Theatre;
2365 2928 32 21 La
2408 2928 93 24 Chevre,
2513 2929 59 24 5:30,
2584 2928 51 22 7:30
2645 2928 19 21 4
2679 2929 52 21 9:30

2138 2963 54 21 p.m.

2139 2994 183 32 Wednesday,
2333 2996 65 26 Feb.
2412 2996 32 27 19

2174 3041 54 21 Film
2245 3041 65 22 Buffs
2327 3043 108 22 Institute:
2452 3044 33 21 Os
2499 3045 63 22 Fuzis
2578 3045 56 24 (The
2649 3045 80 26 Guns),

2137 3071 52 22 7:30
2209 3077 65 20 p.m.;
2296 3073 62 21 Wolf
2379 3073 56 22 Pub:
2460 3074 93 27 Trading
2573 3075 84 25 Places,
2679 3076 51 21 7:30

2137 3101 19 22 4
2171 3101 52 22 9:30
2237 3108 65 20 p.m.;
2318 3103 84 22 Tulane
2418 3104 120 22 McAlister
2552 3105 60 22 Hall:
2632 3106 96 26 Twilight

2137 3131 71 21 Zone:
2220 3131 44 22 The
2271 3133 78 22 Movie
2360 3150 5 8 ,
2376 3134 53 22 7:30
2437 3140 65 20 p.m.;
2513 3135 104 25 Prylania
2626 3135 101 22 Theatre:

2136 3161 33 21 La
2176 3161 93 26 Chevre,
2277 3162 59 27 5:30,
2345 3163 51 22 7:30
2402 3164 21 21 4
2437 3164 53 22 9:30
2496 3170 55 20 p.m.

2140 3206 155 34 Thursday,
2305 3209 66 27 Feb.
2381 3210 36 27 20

2176 3255 103 26 Prylania
2301 3256 102 22 Theatre:
2427 3258 32 21 La
2483 3258 93 25 Chevre,
2600 3260 58 24 5:30,
2672 3258 52 24 7:30

2138 3284 20 22 4
2173 3285 52 22 9:30
2232 3291 54 20 p.m.

2187 3369 33 23 Ai
2229 3370 24 22 A
2262 3369 86 24 Citne*
2356 3371 21 23 H
2386 3366 108 33 Loylm's
2502 3373 106 25 cmltmhr
2615 3379 65 19 mm*.
2692 3376 25 23 If

2185 3404 13 16 '
2218 3399 125 29 *****
2365 3403 93 22 around
2477 3404 12 21 l
2496 3404 74 27 oyo*.
2593 3404 122 26 k*o*U

2162 3433 82 24 W*
2257 3436 25 17 m
2297 3430 34 23 At
2344 3431 22 23 A
2383 3431 92 25 Otmtt.
2497 3432 44 24 Th*
2557 3434 104 25 Mlw
2670 3433 43 31 far

2158 3459 146 22 wAmMmm
2335 3460 22 24 *
2387 3461 55 25 3:30
2469 3468 58 22 pjm.
2562 3464 81 27 FHtap
2669 3465 44 28 far

2156 3518 66 23 Umt
2236 3522 29 19 t+
2276 3519 76 23 OUvtr
2366 3521 26 22 p.
2414 3522 88 26 YmtdU,
2534 3524 44 23 Tht
2591 3525 121 26 Mm*,'

2156 3547 49 23 wr
2220 3548 35 26 ,
2274 3555 27 16 or
2315 3549 66 24 Mm
2396 3550 39 25 rAr
2448 3552 150 28 tyimatkm
2613 3558 25 19 /
2657 3555 54 23 'The

2156 3577 194 29 MmH'offk*,
2360 3580 45 24 321
2412 3581 298 27 CommmtkaHwu/hlmk

2155 3608 110 16 rdHlliifr

2155 3620 117 15 VWr^pW4

2342 3641 121 27 Compile*
2468 3643 32 26 by
2505 3642 107 25 o**nr.
2626 3644 82 24 Yarn**

923 1602 310 92 Catch
1265 1604 73 92 it
1368 1606 100 90 in
1502 1608 159 90 the
1693 1633 230 88 cage

1041 1775 38 30 By
1090 1775 93 25 Oliver
1193 1775 31 25 P.
1236 1775 105 26 Yandle

1105 1811 80 31 Staff
1192 1811 88 26 writer

950 1889 143 26 Audubon
1107 1889 61 27 Zoo
1180 1889 65 27 isn't
1259 1890 45 26 the
1317 1890 66 32 only
1394 1891 70 26 local

914 1925 154 27 institution
1079 1926 64 26 with
1153 1933 16 20 a
1179 1934 75 25 cage.

949 1962 105 32 Loyola
1064 1962 49 27 has
1123 1971 53 18 one
1186 1963 34 26 of
1228 1963 33 27 its
1271 1972 73 18 own.

1175 2008 30 19 as
1224 2000 19 27 it
1263 2001 21 26 is
1303 2002 160 32 commonly

911 2036 97 31 called,
1023 2037 21 26 is
1057 2038 119 31 actually
1190 2038 45 27 the
1250 2038 100 28 Danna
1362 2039 101 27 Center

911 2075 49 25 Art
980 2074 122 32 Gallery,
1123 2075 107 27 located
1251 2076 27 26 in
1297 2077 45 25 the
1362 2077 100 32 lounge

910 2119 63 18 area
985 2111 33 26 of
1027 2112 46 25 the
1085 2112 99 26 Danna
1195 2113 111 26 Center.
1318 2113 58 27 The
1387 2114 75 32 Cage

911 2148 118 27 features
1052 2154 40 21 art
1116 2149 35 32 by
1173 2157 64 19 area
1259 2150 54 26 and
1338 2151 123 26 national

908 2186 91 26 artists
1027 2186 34 26 of
1086 2186 109 28 interest
1224 2192 30 22 to
1282 2187 45 28 the
1356 2188 105 32 Loyola

908 2223 182 33 community.

944 2261 100 26 Mama
1085 2261 146 27 Goldstein
1275 2263 120 26 Brauner
1438 2263 22 27 is

907 2297 137 33 currently
1057 2298 150 33 exhibiting
1222 2299 47 26 her
1422 2308 36 18 on

1041 2335 27 26 in
1083 2336 46 26 the
1142 2336 101 32 gallery
1257 2336 120 33 through
1392 2337 64 27 Feb.

910 2372 39 26 12.

1042 2417 48 18 use
1116 2409 34 26 of
1175 2410 136 27 narrative
1338 2411 119 33 imagery

906 2446 107 27 reflects
1056 2454 35 19 an
1133 2447 105 27 intense
1278 2447 109 27 interest
1429 2448 27 26 in

905 2482 139 28 historical
1077 2484 105 27 textiles
1214 2485 58 26 that
1304 2492 104 26 convey
1440 2493 16 20 a

904 2524 85 28 story,
1013 2520 106 33 usually
1141 2521 115 33 relating
1278 2526 28 22 to
1328 2522 127 33 religious

904 2557 77 32 myth
1027 2564 33 20 or
1106 2557 84 28 ritual
1238 2558 123 33 through
1408 2559 47 27 the

903 2593 161 27 decoration
1074 2601 38 20 on
1123 2595 45 26 the
1334 2596 121 27 Brauner

903 2629 68 27 said.

937 2667 88 27 When
1046 2668 121 27 Brauner
1185 2668 120 27 traveled
1323 2673 29 22 to
1372 2669 82 27 Israel

902 2704 54 26 and
972 2705 87 32 Egypt
1075 2705 76 26 three
1165 2712 76 25 years
1256 2713 64 25 ago,
1336 2706 47 27 she
1398 2714 56 19 was

903 2740 133 29 intrigued
1056 2742 35 27 by
1110 2742 45 26 the
1173 2742 157 27 decorative
1348 2743 105 26 quality

1518 1747 33 26 of
1570 1747 45 26 the
1637 1752 40 21 art
1700 1747 26 26 in
1748 1748 75 26 these
1844 1748 147 27 countries.
2015 1749 52 26 She

1518 1784 57 25 said
1587 1784 47 26 she
1644 1789 86 21 wants
1741 1789 29 22 to
1780 1790 89 21 create
1880 1792 35 19 an
1926 1786 140 26 unknown

1518 1820 122 32 mystical
1652 1821 99 32 feeling
1761 1822 119 31 through
1892 1822 46 25 her
1949 1823 85 26 work.

1552 1858 126 26 Rachelle
1693 1859 144 30 DesVaux,
1853 1859 105 31 Loyola
1971 1859 94 26 Union

1514 1895 147 32 president,
1678 1895 58 26 said
1754 1897 120 25 Brauner
1995 1904 15 18 a
2026 1896 37 26 lot

1512 1932 34 26 of
1568 1932 74 26 stuff
1664 1932 64 26 with
1754 1933 94 30 beads,
1874 1932 109 33 sequins
2009 1934 54 25 and

1512 1969 67 33 puff
1718 1970 70 26 Puff
1800 1970 76 32 paint
1890 1970 21 26 is
1926 1978 16 18 a
1955 1974 63 28 type
2031 1971 34 25 of

1512 2007 76 32 paint
1614 2007 58 27 that
1698 2007 73 32 gives
1797 2007 46 27 the
1867 2012 42 22 art
1935 2015 16 19 a
1976 2007 72 28 three-

1512 2044 182 27 dimensional
1704 2044 95 31 effect,
1812 2045 135 26 DesVaux
1957 2045 68 26 said.

1639 2081 76 26 work
1728 2081 21 26 is
1760 2081 132 31 colorful,
1905 2081 89 32 bright
2007 2083 54 25 and

1512 2118 133 32 symbolic
1658 2118 55 27 and
1726 2126 40 19 we
1777 2118 119 33 thought
1910 2118 47 27 she
1970 2119 91 26 would

1512 2156 33 26 be
1569 2156 176 32 appropriate
1771 2156 44 26 for
1840 2156 91 26 Mardi

1512 2193 134 25 DesVaux
1657 2192 68 27 said.

1546 2229 58 27 The
1626 2229 111 27 union's
1759 2229 94 27 Visual
1877 2229 183 32 Perspectives

1510 2266 158 27 committee
1685 2267 92 26 assists
1794 2266 28 26 in
1839 2266 159 33 scheduling
2015 2267 46 26 the

1510 2303 91 26 artists
1621 2302 27 26 in
1668 2303 45 27 the
1733 2303 100 32 gallery
1854 2303 55 26 and
1930 2303 27 26 in
1978 2311 66 24 spon-

1510 2339 92 33 soring
1612 2339 78 27 other
1700 2339 157 27 art-related
1867 2344 103 22 events.

1545 2377 26 26 A
1585 2377 138 32 reception
1739 2381 29 23 to
1783 2381 71 23 meet
1871 2377 121 27 Brauner
2007 2377 52 26 will

1509 2414 34 26 be
1566 2413 62 27 held
1650 2418 28 22 at
1701 2415 16 25 7
1739 2421 69 25 p.m.
1833 2414 109 32 tonight
1964 2413 27 27 in
2015 2414 44 27 the

1508 2450 111 32 gallery.

1515 2503 134 29 WORKS
1657 2504 53 28 ON
1720 2504 139 30 FABRIC

1543 2551 47 22 The
1608 2551 85 27 Loyola
1712 2551 95 23 Union's
1826 2551 76 23 Visual
1921 2552 147 27 Perspectives

1514 2580 136 23 Committee
1662 2586 99 21 presents
1885 2588 31 16 on
2039 2583 28 26 by

1515 2611 72 22 Maria
1597 2611 118 23 Goldstein
1727 2612 97 22 Brauner
1836 2612 96 27 through
1944 2612 51 22 Feb.
2010 2613 25 22 12
2045 2613 22 22 in

1514 2640 38 22 the
1565 2641 80 21 Danna
1657 2641 83 23 Center
1752 2643 41 21 Art
1807 2641 98 28 Gallery.
1920 2643 22 21 A
1955 2642 111 27 reception

1515 2670 35 22 for
1567 2670 98 24 Brauner
1681 2671 42 22 will
1740 2672 28 22 be
1784 2672 50 23 held
1850 2676 23 19 at
1890 2672 13 21 7
1919 2678 56 21 p.m.
1993 2672 23 23 in
2031 2672 37 23 the

1513 2700 89 27 gallery.
1613 2700 47 22 The
1669 2700 112 28 reception
1791 2701 18 22 is
1819 2701 46 23 free
1874 2702 45 23 and
1927 2707 60 21 open
1997 2706 24 18 to
2030 2703 38 22 the

1513 2729 83 27 public.
1606 2730 157 24 Information:
1771 2736 45 18 ext.
1823 2731 65 24 2131.

1730 1555 102 20 Photo
1840 1554 30 22 by
1876 1554 81 21 Shawn
1966 1555 92 21 Murray

253 126 166 35 20

1375 135 63 31 Que
1449 133 199 29 MAROON

2386 136 203 37 February
2601 138 150 30 7,1986
