2900 4321
249 903 111 28 marketing
365 903 71 28 junior.
524 902 86 23 wanted,
619 902 19 22 in
646 909 13 15 a
667 909 51 21 way,

249 941 32 22 for
294 947 102 22 everyone
411 944 21 19 to
448 947 34 15 see
498 940 48 22 how
563 940 78 28 Loyola
656 939 62 23 could

248 979 88 28 develop
342 979 55 22 them
405 978 40 22 and
452 978 48 22 how
507 978 74 28 people
588 984 39 15 tan
634 977 44 22 find
685 978 33 21 the

250 1017 65 22 leader
321 1017 19 21 in
347 1016 122 22 themselves
474 1016 40 22 and
521 1015 103 29 Strengths
629 1015 66 27 Quest
701 1015 17 22 is

249 1062 12 15 a
267 1054 60 29 really
334 1058 54 25 great
395 1060 46 22 way
447 1058 22 17 to
474 1053 29 22 do

290 1092 48 22 Josh
353 1091 99 25 Bouterie,
466 1091 128 29 psychology
608 1091 109 24 freshman,

249 1130 43 22 said
297 1130 78 28 Loyola
378 1130 63 22 didn't
446 1130 80 27 explain
531 1133 21 18 to
556 1130 103 21 freshmen
664 1129 54 22 what

249 1168 32 22 the
289 1168 40 22 five
336 1168 98 28 strengths
441 1171 66 19 meant
515 1167 72 29 during
594 1167 123 22 orientation.

249 1207 32 21 He
288 1206 69 22 would
363 1206 25 22 be
396 1206 103 21 interested
507 1205 18 22 in
532 1205 91 29 carrying
629 1212 51 15 over
685 1205 33 22 the

248 1251 94 22 program
357 1244 40 21 into
412 1243 123 29 sophomore
549 1250 48 21 year
611 1242 18 22 if
640 1242 79 29 Loyola

248 1281 89 23 clarified
343 1281 50 22 their
400 1281 128 29 importance.

333 1319 54 22 lacks
402 1318 96 29 applying
513 1318 87 22 because
615 1318 47 29 they
677 1318 42 22 told

249 1364 23 15 us
281 1357 54 22 what
342 1364 38 15 our
389 1356 97 29 strengths
495 1363 33 15 are
537 1356 35 22 but
580 1356 48 29 they
637 1356 83 22 haven't

249 1395 60 28 really
332 1395 112 22 reinforced
469 1395 52 22 what
545 1394 26 22 all
595 1394 39 22 this
657 1394 62 28 really

344 1433 26 22 he
377 1433 48 22 said.

292 1471 48 22 Kim
353 1471 68 23 Buras,
432 1470 82 29 graphic
525 1470 72 29 design
610 1470 109 24 freshman,

249 1509 72 28 agreed
331 1508 39 22 and
380 1508 43 22 said
433 1508 36 22 she
480 1508 66 22 thinks
557 1507 79 29 Loyola
645 1507 74 23 should

249 1547 44 21 take
302 1547 31 21 the
342 1546 48 22 time
397 1550 22 18 to
425 1546 89 28 develop
522 1546 56 22 them
586 1553 12 14 a
607 1545 46 22 little
662 1552 58 15 more

251 1584 74 22 instead
333 1584 25 22 of
364 1583 49 29 only
423 1584 72 28 saying
504 1583 53 22 what
567 1583 51 22 each
628 1583 92 29 person's

250 1622 96 28 strengths
352 1628 38 16 arc.

320 1660 55 22 think
384 1660 39 22 this
432 1660 70 22 would
512 1660 25 22 be
546 1665 13 17 a
568 1660 56 27 good
633 1660 57 27 thing
699 1663 21 18 to

249 1698 97 22 reinforce
358 1698 124 28 sophomore
495 1704 48 22 year
555 1704 23 15 as
590 1697 49 29 long
651 1704 23 15 as
687 1704 33 15 we

248 1736 56 22 don't
315 1736 51 21 have
375 1739 22 19 to
406 1735 46 22 take
462 1742 58 22 away
532 1735 53 22 from
595 1742 38 15 our
641 1735 77 22 credits.

250 1774 6 21 I
270 1773 41 22 find
323 1773 40 22 that
375 1773 32 22 the
419 1773 103 22 freshmen
535 1772 89 23 seminar
634 1772 56 29 thing
703 1772 17 22 is

249 1811 79 29 already
336 1811 49 22 kind
391 1810 26 22 of
422 1810 68 29 taking
498 1810 49 22 time
555 1817 60 22 away
623 1810 54 22 from
686 1817 34 15 me

249 1849 86 22 because
348 1849 6 21 I
368 1848 79 29 already
458 1848 54 22 have
524 1848 83 28 enough
619 1848 68 28 things
699 1852 21 17 to

301 1886 35 22 she
344 1886 47 22 said.

291 1925 116 28 According
416 1929 21 17 to
446 1925 88 21 Roberta
543 1924 82 24 Kaskel,
634 1924 86 22 director

248 1963 25 22 of
281 1969 67 16 career
358 1962 150 29 development,
519 1962 79 29 Loyola
609 1962 78 22 intends
698 1965 21 18 to

249 2007 62 15 move
325 2000 103 28 Strengths
440 2000 64 27 Quest
517 2000 83 28 beyond
612 2000 33 22 the
659 1999 59 22 initial

250 2038 116 22 orientation
382 2037 59 23 week
457 2038 39 21 and
512 2037 47 29 help
574 2037 33 22 the
622 2037 99 29 first-year

252 2076 88 22 students
354 2075 120 22 understand
489 2075 48 28 why
552 2075 55 22 these
623 2075 97 28 strengths

252 2120 32 15 are
292 2113 93 22 essential
394 2117 22 18 to
425 2113 90 28 building
524 2113 139 28 relationships
673 2112 47 22 with

254 2151 72 28 people
333 2151 40 22 and
386 2151 83 28 helping
475 2151 43 21 find
524 2157 13 15 a
542 2157 68 15 career
616 2151 51 28 path.

296 2188 64 22 There
379 2188 40 21 will
438 2188 44 21 also
500 2188 26 21 be
545 2194 56 15 more
619 2187 103 29 emphasis

250 2225 71 28 placed
351 2231 28 15 on
409 2225 33 21 the
473 2224 99 28 first-year
600 2223 120 29 experience

248 2262 121 28 throughout
387 2262 32 22 the
437 2262 62 22 entire
518 2268 51 22 year,
589 2266 34 18 not
639 2261 40 29 just
699 2261 19 22 in

248 2300 103 22 freshmen
357 2300 123 22 orientation.

363 2338 41 22 first
420 2338 31 22 six
469 2338 69 22 weeks
554 2338 58 22 those
630 2338 89 22 students

248 2383 32 15 are
290 2383 27 15 on
327 2383 86 22 campus
424 2376 16 21 is
450 2375 74 30 pivotal
535 2375 49 22 time
594 2375 68 22 where
672 2375 46 28 they

248 2421 33 15 arc
306 2414 87 28 forming
418 2413 138 29 relationships
580 2413 40 22 and
645 2413 74 28 getting

399 2451 43 22 said
457 2451 67 22 David
538 2451 69 25 Gunn,
622 2450 98 22 associate

248 2489 86 22 director
344 2488 25 23 of
380 2488 155 22 Co-Curricular
546 2495 110 22 programs.

250 2527 48 22 look
315 2531 19 18 at
351 2533 39 16 our
405 2527 104 27 emphasis
527 2532 27 16 on
573 2527 32 21 the
623 2526 99 28 first-year

251 2565 77 22 student
335 2569 21 18 to
364 2565 78 21 include
451 2571 45 15 new
505 2571 105 22 programs
617 2564 39 21 and
665 2570 57 15 morc

251 2609 102 15 resources
367 2602 31 22 for
412 2601 153 30 programming
579 2601 33 25 for
624 2601 98 29 first-year

251 2640 88 22 students
353 2640 39 21 and
406 2640 47 21 then
468 2646 55 22 carry
537 2639 41 22 that
591 2646 28 14 on
634 2638 42 22 into
690 2638 32 22 the

251 2677 75 22 second
336 2684 47 22 year
391 2677 68 22 where
467 2677 33 22 the
509 2676 82 23 focuses
600 2676 47 22 shift
656 2683 12 15 a
677 2676 45 22 little

252 2722 56 15 more
314 2719 22 18 to
341 2722 67 15 career
414 2716 60 20 focus
480 2721 75 22 groups
561 2714 40 22 and

292 2753 44 22 The
358 2753 135 28 sccond-year
515 2752 105 22 initiatives
643 2752 79 22 include

251 2791 96 22 activities
377 2790 31 22 for
436 2797 68 15 career
531 2790 151 28 development
711 2796 11 15 a

253 2829 111 21 vocational
399 2828 136 22 discernment
571 2831 68 18 retreat
674 2827 48 22 with

253 2866 87 22 Mission
351 2866 39 21 and
402 2866 98 28 Ministry,
511 2872 12 15 a
534 2865 61 22 series
605 2865 25 22 of
640 2865 82 22 lectures

252 2904 40 22 and
309 2911 48 21 peer
373 2910 68 15 career
456 2903 94 22 coaches.
568 2902 76 29 Nearly
661 2908 61 22 every

251 2948 86 22 campus
342 2941 63 22 office
411 2941 50 22 such
467 2948 22 15 as
496 2941 121 22 Residential
624 2940 51 25 Life,
680 2941 42 22 Co-

251 2979 113 22 Curricular
371 2979 112 28 Programs,
490 2979 75 22 Career
572 2978 150 29 Development

252 3017 39 22 and
302 3017 113 28 University
425 3016 127 29 Counseling
561 3017 76 21 Center
645 3015 42 22 will
697 3015 25 22 be

253 3055 145 28 incorporating
406 3061 58 15 some
472 3058 67 25 aspect
546 3054 26 22 of
577 3054 32 22 the
618 3053 104 22 initiatives

253 3093 19 21 in
279 3092 49 22 their
334 3099 109 22 programs.

292 3130 44 22 The
347 3130 39 22 first
396 3130 40 21 and
445 3130 76 21 second
530 3136 49 22 year
585 3133 137 24 engagement

253 3167 16 22 is
281 3174 39 15 one
332 3167 25 22 of
367 3167 33 22 the
413 3174 57 22 ways
483 3167 79 29 Loyola
575 3167 16 22 is
604 3167 118 28 addressing

253 3206 122 27 sophomore
380 3206 101 22 retention.
487 3206 92 21 Another
584 3205 16 22 is
607 3204 115 29 improving

253 3244 31 21 the
291 3243 78 29 college
375 3243 119 29 experience
501 3242 33 24 for
540 3243 140 29 sophomores.

390 3281 93 22 intended
524 3280 60 23 result
624 3280 17 22 is
682 3280 40 21 that

252 3319 32 21 the
315 3319 124 28 sophomore
470 3318 120 29 experience
623 3317 32 22 for
684 3324 38 15 our

251 3356 89 22 students
371 3356 17 22 is
418 3355 25 23 of
472 3356 50 22 such
554 3355 97 29 meaning
681 3355 40 22 that

251 3394 89 22 students
363 3393 57 23 don't
444 3398 53 18 want
521 3398 21 18 to
566 3393 57 23 leave
646 3397 19 19 at
689 3393 32 22 the

249 3432 41 22 end
308 3432 26 22 of
349 3432 125 28 sophomore
576 3431 76 22 Kaskel
672 3430 49 23 said.

319 3470 25 22 of
352 3470 33 22 the
394 3470 67 28 things
471 3476 32 15 we
514 3473 54 18 want
579 3469 19 21 in
607 3469 65 28 doing
682 3468 39 22 that

251 3508 16 22 is
280 3511 21 19 to
313 3507 61 23 make
386 3514 45 15 sure
444 3507 41 22 that
498 3506 78 29 Loyola
588 3506 88 22 remains
689 3506 33 22 the

249 3545 79 29 college
334 3545 25 22 of
363 3545 72 22 choice
442 3544 32 22 for
480 3544 99 29 returning
585 3544 136 29 sophomores

250 3583 86 22 because
353 3589 32 16 we
401 3589 33 16 are
449 3582 107 29 providing
572 3589 25 15 an
612 3582 108 22 education

249 3621 58 22 that's
316 3621 92 28 working
418 3621 48 21 both
477 3620 63 22 iaside
550 3620 40 22 and
598 3620 80 22 outside
687 3620 33 22 the

292 3697 116 28 According
413 3701 22 18 to
440 3697 68 23 Gunn,
515 3696 79 29 Loyola
601 3696 16 22 is
623 3696 95 29 planning

249 3739 21 17 to
276 3735 60 28 begin
343 3735 83 28 piloting
433 3735 56 22 these
496 3734 105 22 initiatives
607 3741 22 15 as
635 3734 54 29 early
696 3741 22 15 as

249 3773 32 21 the
291 3773 67 28 spring
366 3776 99 18 semester.
475 3772 78 28 During
562 3772 38 21 this
608 3772 55 25 time,
672 3772 45 28 they

250 3809 39 22 will
296 3810 26 22 be
327 3810 100 29 assessing
434 3810 117 22 attendance
556 3809 25 22 of
585 3816 58 15 some
648 3813 70 18 events

249 3847 40 22 and
297 3847 81 29 lcx)king
385 3852 18 17 at
410 3848 78 21 student
495 3847 127 22 satisfaction.

353 3889 52 18 want
417 3885 56 22 work
485 3885 47 22 with
545 3885 95 23 students,
651 3885 68 28 gather

248 3924 46 22 data
300 3923 40 22 and
346 3923 87 22 conduct
440 3922 58 23 focus
504 3929 75 22 groups
585 3923 40 22 and
632 3929 35 22 say
675 3923 43 28 hey,

248 3961 72 22 what's
330 3960 97 29 working,
437 3961 53 21 what
499 3961 62 22 needs
571 3961 147 28 improvement

248 3999 38 23 and
295 3999 54 22 what
355 3998 36 22 did
397 4005 43 22 you
447 3997 39 22 like
493 3998 59 22 about
560 3998 38 22 this

246 4038 63 22 Gunn
316 4036 49 23 said.

314 4111 55 26 Craig
376 4111 99 19 Malveaux
482 4115 34 14 can
524 4109 22 19 be
552 4109 76 19 mached
634 4112 17 16 at

373 4142 218 25 camalvea@loyno.edu

1799 2019 45 22 well
1852 2025 25 16 so
1883 2019 30 22 far
1917 2025 23 16 as
1947 2019 35 22 SG
1984 2019 20 21 A
2009 2019 103 28 president

1937 2063 28 15 on
1984 2057 53 21 what
2055 2056 72 29 people
2146 2056 51 22 have
2216 2056 51 22 been

1799 2095 76 28 saying,
1890 2094 57 25 (and)
1961 2094 62 22 based
2037 2101 28 15 on
2081 2094 52 21 what
2149 2094 6 21 I
2171 2093 43 22 said
2228 2093 39 22 that

1800 2133 5 21 1
1817 2132 79 22 wanted
1906 2135 21 19 to
1936 2132 34 24 do,
1981 2132 6 21 I
1998 2132 55 21 think
2064 2132 39 21 I'm
2112 2131 63 28 doing
2185 2138 12 14 a
2206 2134 61 25 pretty

1799 2169 56 28 good
1921 2169 43 21 said
1970 2169 84 28 Cooper.

1841 2206 65 22 Maria
1919 2206 66 23 Rossi.
1998 2206 83 28 English
2091 2206 70 28 junior,
2175 2206 68 22 voices
2256 2212 11 16 a

1799 2244 74 22 similar
1879 2244 103 22 reflection
1989 2248 21 18 to
2017 2244 36 22 her
2059 2248 49 18 term
2115 2250 25 16 so
2147 2244 29 22 far
2182 2250 23 16 as
2213 2244 54 22 SGA

1799 2282 44 22 vice
1849 2282 104 28 president

1840 2320 31 21 As
1877 2327 13 14 a
1895 2319 105 22 candidate
2008 2319 31 22 for
2045 2319 43 23 vice
2096 2319 104 29 president
2208 2319 58 22 Rossi

1799 2357 89 29 reported
1898 2361 21 18 to
1926 2357 45 22 The
1982 2357 86 22 Man*hi
2079 2357 35 22 her
2122 2357 46 29 goal
2178 2361 21 18 to
2208 2357 59 21 boost

1799 2395 78 21 student
1882 2399 133 24 government
2021 2394 158 29 representation.

1886 2433 55 22 think
1965 2432 44 23 I've
2032 2433 55 22 done
2111 2439 12 16 a
2147 2433 56 27 good
2225 2432 42 28 job,

1799 2471 152 28 representation
1965 2471 36 21 has
2015 2470 59 29 really
2225 2470 42 22 said

1799 2508 66 22 Rossi.

1842 2545 57 22 After
1904 2553 12 14 a
1922 2545 41 22 few
1970 2545 130 28 resignations
2106 2545 39 22 and
2151 2545 116 29 appointing

1799 2583 150 28 replacements,
1958 2582 58 23 Rossi
2026 2583 49 25 said,
2111 2582 38 23 feel
2158 2582 39 23 that
2207 2582 60 23 we're

1800 2627 48 15 now
1856 2620 69 22 settled
1933 2621 40 21 and
1982 2620 72 22 almost
2064 2621 51 21 have
2124 2627 12 15 a
2145 2620 34 22 full
2190 2620 77 24 Senate,

1799 2665 25 16 so
1829 2665 34 16 we
1868 2665 38 16 can
1913 2662 32 25 get
1953 2665 56 16 more
2015 2659 66 28 things

1842 2696 67 22 While
1932 2696 77 22 Rossi's
2136 2696 55 22 Your
2213 2696 54 22 SGA

1905 2734 99 24 initiative,
2029 2734 67 22 which
2121 2734 70 22 would
2216 2734 51 22 have

1799 2771 106 22 contained
1923 2772 73 28 photos
2014 2771 25 23 of
2055 2775 87 18 senators
2161 2772 40 21 and
2219 2772 48 22 their

1800 2809 86 28 planned
1903 2809 102 22 initiatives
2022 2809 31 22 for
2068 2809 33 22 the
2117 2814 99 20 semester,
2232 2809 35 22 did

1800 2851 33 18 not
1845 2847 62 24 stand,
1919 2847 59 22 Rossi
1990 2847 57 28 plans
2059 2851 20 18 to
2089 2852 64 17 create
2164 2854 12 15 a
2188 2847 78 28 weekly

1800 2885 111 22 newsletter
1919 2885 75 22 instead
2003 2885 39 22 that
2052 2885 39 22 will
2102 2885 73 22 failure
2184 2885 83 22 Senator

1800 2922 109 24 initiatives,
1918 2923 104 22 executive
2033 2923 48 22 staff
2090 2923 126 22 informatkm
2227 2923 39 22 and

1799 2960 111 28 upcoming
1915 2964 75 19 events.

2416 1931 62 22 board
2485 1931 35 22 did
2527 1935 34 17 not
2568 1931 79 28 happen
2655 1930 86 22 because
2749 1930 31 22 the

2312 1969 62 22 board
2382 1969 69 21 would
2459 1969 24 21 be
2492 1969 70 28 placed
2570 1968 19 22 in
2597 1975 12 15 a
2617 1968 40 22 low
2665 1968 64 22 traffic
2736 1975 44 15 area

2311 2007 40 22 and
2359 2007 12 22 it
2378 2007 70 22 would
2454 2007 26 22 be
2487 2013 11 16 a
2505 2010 61 19 waste
2572 2007 25 22 of
2675 2006 36 22 she
2718 2006 47 22 said.

2355 2045 77 28 During
2442 2045 35 22 her
2485 2045 113 28 campaign.
2609 2044 59 22 Rossi
2678 2044 102 29 promised

2311 2086 21 19 to
2395 2089 22 15 as
2429 2089 54 22 open
2496 2089 23 15 as
2531 2082 88 29 possible
2631 2085 22 19 to
2664 2081 25 23 all
2703 2082 77 21 student

2310 2127 105 18 concerns,
2449 2124 121 20 comments,
2603 2119 104 29 questions
2741 2119 39 22 and

2354 2195 39 22 For
2407 2194 137 23 November's
2560 2199 54 17 town
2631 2194 38 22 hall
2686 2194 94 28 meeting,

2311 2233 60 22 Rossi
2379 2233 79 22 created
2466 2240 12 15 a
2487 2233 105 22 Facebook
2601 2239 52 22 page
2661 2239 24 16 so
2692 2233 88 22 students

2311 2271 49 22 who
2374 2277 52 16 were
2442 2275 33 18 not
2489 2271 44 22 able
2548 2274 21 18 to
2582 2271 65 22 attend
2661 2270 61 22 could
2736 2274 44 25 post

2310 2309 109 29 questions.

2354 2347 104 28 Although
2462 2346 61 23 Rossi
2528 2346 86 29 planned
2619 2350 21 18 to
2644 2350 45 25 post
2694 2346 86 22 minutes

2311 2384 53 22 from
2380 2388 67 18 senate
2462 2384 98 28 meetings
2575 2390 27 15 on
2617 2384 32 21 the
2664 2383 56 22 SGA
2735 2383 45 22 web

2311 2422 42 23 site,
2362 2421 37 22 she
2408 2421 36 22 has
2454 2426 33 17 not
2498 2421 50 22 been
2558 2421 45 22 able
2612 2426 20 17 to
2641 2421 28 22 do
2678 2428 24 15 so
2710 2421 41 22 due
2760 2426 20 17 to

2310 2459 104 29 problems
2421 2459 47 22 with
2476 2459 32 22 the
2515 2459 50 22 Web
2571 2459 41 22 site.

2354 2497 83 29 Despite
2452 2497 24 22 all
2493 2497 24 22 of
2530 2498 32 21 the
2577 2497 89 29 changes
2682 2497 19 22 in
2717 2497 63 24 SGA,

2311 2542 59 15 some
2378 2542 62 21 pages
2448 2542 27 15 on
2484 2535 32 22 the
2524 2535 51 22 Web
2582 2535 36 22 site
2626 2535 52 22 have
2686 2539 34 18 not
2729 2535 51 22 been

2311 2572 87 29 updated
2407 2573 55 22 since
2472 2573 120 28 September.
2610 2573 30 21 To
2649 2572 78 23 resolve
2736 2572 44 25 this,

2311 2610 36 22 she
2354 2610 43 22 said
2404 2610 45 28 they
2457 2617 47 22 may
2512 2610 41 22 find
2561 2617 98 15 someone
2666 2614 21 18 to
2692 2610 88 29 develop

2310 2655 26 14 an
2342 2647 87 22 external
2437 2648 50 22 Web
2494 2647 40 23 site.

2353 2686 58 25 Also,
2422 2692 22 16 as
2456 2690 41 24 part
2507 2686 25 22 of
2541 2686 32 22 the
2584 2686 114 28 open-door
2708 2686 72 28 policy,

2311 2724 59 22 Rossi
2383 2724 43 22 said
2438 2724 36 22 she
2487 2724 76 28 always
2575 2724 65 22 writes
2651 2724 62 22 down
2726 2724 54 22 what

2310 2762 73 28 people
2390 2768 36 22 say
2432 2762 40 21 and
2480 2762 59 21 sends
2546 2762 32 21 the
2586 2762 127 21 information
2720 2765 21 18 to
2747 2762 33 21 the

2310 2806 72 22 proper
2388 2799 100 22 channels.

2382 2844 34 15 am
2426 2844 55 22 open
2491 2841 21 18 to
2521 2844 34 15 see
2565 2837 48 22 how
2624 2837 72 29 people
2706 2837 55 22 think
2772 2837 7 22 I

2309 2882 39 15 can
2472 2874 59 23 Rossi
2538 2874 48 22 said.

2361 2951 111 22 Charmaine
2477 2952 78 21 Jackson
2560 2958 34 15 can
2601 2953 22 20 be
2629 2953 75 20 reached
2710 2956 17 17 al

2441 2986 206 26 cjackson@toyno.edu

765 498 53 22 Priiis
835 498 39 22 and
891 498 32 21 the
940 497 51 22 Ford
1009 498 77 28 Escape
1104 498 39 21 and
1159 498 80 22 WfeCar

764 535 97 30 primarily
870 535 35 22 has
913 535 70 29 hybrid
989 542 50 18 cars,
1046 535 107 29 according
1161 539 21 18 to
1189 535 49 22 their

764 574 51 21 Web
821 573 50 22 sites.

841 610 39 23 will
889 611 26 22 be
923 617 59 22 green
992 610 18 23 in
1019 617 13 16 a
1039 618 59 15 sense
1106 611 40 22 that
1153 611 34 22 the
1193 617 44 16 cars

764 649 39 22 will
811 649 25 22 be
939 649 57 22 Reed
1003 649 48 22 said.
1059 649 20 22 '1
1087 649 55 22 think
1149 649 40 22 that
1197 649 39 22 will

763 687 47 28 help
816 693 23 16 as
845 687 76 22 toward
927 687 32 22 the
966 687 124 28 university's
1095 687 142 22 commitment

762 728 21 19 to
789 725 60 28 being
855 731 22 15 as
883 731 61 22 green
949 731 23 15 as

805 762 43 22 The
855 769 93 22 program
955 762 57 29 plans
1019 766 21 18 to
1047 766 45 18 start
1099 762 49 23 with
1154 763 55 22 three
1215 762 24 23 of

762 800 32 22 the
800 800 77 28 Toyota
883 800 82 24 Priuses,
972 800 67 22 which
1046 800 41 22 will
1093 801 27 21 be
1126 800 78 22 located
1210 807 28 16 on

762 838 32 21 the
804 837 64 22 fourth
878 837 52 22 floor
938 837 24 23 of
969 838 32 22 the
1011 838 64 22 Freret
1084 838 62 22 Street
1154 838 84 29 parking

762 882 77 22 garage.
856 876 21 22 In
891 876 58 22 otder
963 880 21 18 to
998 882 78 16 reserve
1090 883 41 15 one
1145 876 25 22 of
1183 876 55 22 these

763 914 92 25 vehicles,
864 914 87 22 students
960 918 53 18 must
1021 914 51 22 have
1081 921 12 15 a
1101 914 138 28 membership

762 955 21 19 to
797 952 33 22 the
844 958 99 22 program.
956 952 31 22 To
1001 952 52 22 have
1067 958 13 16 a
1095 952 143 28 membership,

762 989 144 29 qualifications
913 989 78 22 include
997 990 60 28 being
1063 997 12 14 a
1081 990 88 22 licensed
1174 990 65 22 driver

763 1028 39 21 and
809 1031 18 18 at
833 1027 48 22 least
891 1027 23 22 18
921 1034 56 22 years
982 1027 40 22 old.

834 1065 60 28 really
904 1065 39 22 like
952 1065 32 22 the
994 1065 45 22 idea
1048 1065 34 22 but
1093 1065 6 22 I
1109 1065 57 22 don't
1175 1065 63 22 know

763 1103 48 22 how
819 1102 55 23 often
884 1102 12 22 it
905 1102 69 22 would
983 1102 26 22 be
1096 1103 42 22 said
1148 1103 89 22 Michael

764 1141 88 23 Bennett
859 1141 61 28 piano
926 1141 137 28 performance
1071 1141 106 22 freshman.

805 1179 58 22 Once
873 1185 12 16 a
894 1179 77 22 student
982 1179 16 22 is
1006 1185 13 16 a
1028 1179 97 24 member,
1135 1179 25 22 he
1169 1185 24 16 or
1202 1179 36 22 she

762 1223 38 16 can
813 1223 77 16 reserve
902 1223 13 15 a
927 1223 33 16 car
971 1217 67 22 online
1050 1223 25 15 or
1086 1217 27 28 by
1126 1217 68 28 phone
1208 1216 31 22 for

763 1253 62 25 $8.50
839 1262 34 22 per
887 1255 51 21 hour
949 1261 24 15 or
987 1253 75 25 $10.50
1076 1261 35 22 per
1125 1254 51 22 hour
1189 1261 50 15 over

764 1293 60 28 night
830 1292 107 29 according
942 1296 21 18 to
969 1292 61 22 Reed.
1037 1292 41 25 Yet,
1085 1299 58 15 some
1149 1292 89 22 students

764 1337 47 22 may
819 1330 42 22 find
866 1330 55 22 these
927 1330 44 22 fees
977 1330 69 28 pricey.

911 1368 93 24 students,
1013 1367 107 29 especially
1130 1367 107 25 freshmen,

765 1413 46 21 may
822 1411 33 17 not
864 1406 51 22 have
923 1406 81 28 enough
1014 1412 75 22 money
1098 1410 22 18 to
1128 1412 39 22 pay
1176 1405 62 24 $8.50

764 1451 25 15 an
888 1444 42 22 said
947 1444 72 22 Marlin
1035 1444 105 24 Williford,
1154 1443 84 29 biology

765 1482 106 22 freshman.

808 1520 106 23 However,
919 1520 33 22 the
957 1520 72 27 Zipcar
1033 1520 52 21 Web
1091 1519 35 22 site
1131 1526 78 15 assures
1216 1519 23 22 its

1284 1182 85 22 services
1374 1189 39 15 can
1419 1189 48 14 save
1474 1189 73 21 money
1555 1182 59 21 when
1620 1181 108 28 compared
1734 1185 21 18 to

1283 1220 76 28 buying
1365 1227 13 15 a
1383 1227 35 15 car.

1360 1257 76 22 sounds
1445 1257 38 22 like
1490 1264 13 15 a
1510 1257 58 28 really
1577 1257 55 28 good
1640 1257 44 22 idea
1692 1257 17 22 if
1714 1263 41 22 you

1283 1295 52 22 have
1346 1295 91 22 business
1448 1299 21 18 to
1479 1295 45 22 take
1534 1301 45 16 care
1642 1295 42 22 said
1694 1295 61 22 Arien

1283 1333 52 24 Hall,
1341 1333 66 22 music
1413 1333 105 22 education
1524 1333 106 22 freshman.

1325 1371 41 22 Just
1373 1371 39 22 like
1418 1371 33 21 the
1458 1371 112 28 Broadway
1576 1377 91 22 campus,
1673 1377 82 22 grocery

1283 1409 40 21 and
1329 1409 149 21 entertainment
1485 1408 85 25 shuttles,
1576 1408 33 22 the
1616 1415 92 22 program
1715 1408 39 22 will

1283 1446 89 22 function
1380 1453 22 15 as
1409 1454 12 14 a
1429 1450 40 25 part
1476 1446 26 22 of
1507 1446 94 28 Loyola's
1608 1446 147 28 transportation

1284 1488 80 25 system.

1326 1522 45 22 "It's
1376 1529 13 15 a
1395 1527 42 23 step
1444 1522 19 22 in
1469 1522 32 22 the
1507 1522 49 28 right
1562 1522 94 22 direction
1663 1522 32 22 for
1699 1522 56 22 those

1799 1181 49 22 who
1850 1181 41 22 dori
1893 1181 14 22 't
1910 1181 50 22 have
1964 1188 12 14 a
1979 1188 34 14 car
2015 1185 21 17 to
2039 1185 31 24 get
2075 1179 92 30 around.''
2170 1179 45 22 Will
2218 1179 49 22 ifond

1799 1218 48 22 said.

1841 1257 85 27 Though
1942 1263 53 16 useis
2009 1256 39 22 will
2064 1256 50 22 have
2128 1262 13 15 a
2153 1262 35 15 car
2200 1258 21 19 to
2234 1258 33 25 get

1799 1295 81 24 around,
1895 1295 53 21 there
1963 1294 40 22 will
2019 1294 25 22 be
2059 1293 104 22 additional
2180 1292 41 23 fees
2237 1292 31 22 for

1800 1332 64 29 losing
1878 1332 32 22 the
1924 1339 34 15 car
1971 1332 55 28 keys,
2042 1331 62 29 losing
2119 1331 32 22 the
2165 1337 36 22 gas
2214 1330 52 24 card,

1800 1370 64 28 kising
1871 1370 33 22 the
1910 1377 37 17 car,
1956 1369 76 28 leaving
2041 1369 31 22 the
2079 1375 34 15 car
2120 1375 71 21 messy,
2199 1367 67 29 failing

1799 1411 21 19 to
1829 1408 44 21 lock
1882 1408 33 21 the
1922 1414 34 15 car
1964 1414 53 21 upon
2026 1411 69 20 return,
2103 1406 94 28 smoking
2207 1406 18 22 in
2235 1406 31 22 the

1799 1452 34 15 car
1838 1445 39 22 and
1882 1445 73 28 getting
1962 1445 41 21 into
2008 1451 24 15 an
2039 1444 94 24 accident
2140 1444 56 22 Reed
2203 1444 45 22 said.

1841 1483 44 22 "It's
1892 1489 24 16 an
1926 1483 108 28 interesting
2041 1486 83 25 concept
2131 1482 38 22 and
2179 1482 5 21 I
2192 1482 54 21 think
2254 1481 13 22 it

1799 1521 40 22 will
1845 1521 57 22 catch
1907 1527 27 16 on
2021 1520 56 22 Reed
2084 1520 46 22 said.

2352 1178 43 22 The
2416 1178 87 22 addition
2523 1178 25 22 of
2566 1177 76 29 bicycle
2664 1177 56 22 racks
2741 1177 39 22 and

2310 1216 83 29 parking
2399 1223 70 22 spaces
2475 1215 31 22 for
2511 1215 131 29 motorcycles
2648 1215 39 22 and
2694 1215 86 28 mopeds

2310 1261 32 15 arc
2349 1254 57 22 other
2411 1254 80 28 options
2498 1253 60 28 being
2565 1253 77 22 offered
2649 1256 21 18 to
2677 1253 61 21 better
2744 1259 24 15 on-

2310 1298 84 22 eampus
2400 1291 87 29 parking.

2353 1329 56 22 SGA
2419 1329 15 22 Ls
2445 1329 42 22 also
2498 1328 19 22 in
2527 1329 32 21 the
2570 1335 80 22 prooess
2660 1328 25 22 of
2692 1328 88 28 meeting

2310 1367 47 22 with
2362 1367 32 22 the
2400 1366 96 29 Regional
2500 1366 75 22 Transit
2578 1366 107 28 Authority,
2690 1366 32 22 the
2727 1366 53 22 New

2310 1405 84 22 Orleans
2406 1405 66 28 public
2484 1405 64 22 transit
2560 1408 81 24 system,
2653 1408 20 18 to
2685 1404 56 22 work
2752 1410 28 15 on

2310 1443 73 28 getting
2390 1443 87 22 students
2482 1443 101 22 discounts
2590 1442 30 22 for
2625 1442 33 22 die
2664 1446 92 18 streetcar.

2319 1517 82 20 Precious
2406 1517 41 20 Esie
2452 1522 34 14 can
2491 1516 23 20 be
2520 1516 72 20 readied
2598 1515 173 27 piesie@'toyno.edu

1306 432 201 69 CAR
1534 432 506 69 COMPANY
2068 425 677 74 COMPARISON

1328 536 79 30 Loyola
1418 537 15 22 is
1444 537 140 29 considering
1593 537 65 22 three
1669 537 102 23 different
1780 544 37 16 car
1827 537 66 22 rental
1904 536 136 29 companies.
2049 534 76 23 Here's
2135 541 12 15 a
2158 533 46 23 side
2214 533 27 29 by
2252 533 45 22 side
2309 533 53 22 look
2371 535 22 20 at
2401 533 40 22 the
2451 534 91 20 current
2551 531 140 23 contenders.

1583 582 4 82 I
1654 599 217 39 ZIPCAR
1962 582 3 82 I
2045 598 192 39 HERTZ
2305 582 3 82 ,
2337 582 5 82 |
2427 594 212 39 WeCAR

1669 669 103 31 College
1783 668 29 25 of
1819 668 44 25 the
2131 663 4 37 ,
2148 670 22 25 L
2172 682 95 18 k-rC[itvC
2378 664 163 32 Washington
2554 663 134 32 University

1396 688 157 36 University
1690 704 64 32 Holy
1765 703 78 25 Cross
2018 684 101 26 Fairfeld
2131 684 135 31 Universrty
2460 699 30 25 of
2497 698 31 26 St
2539 698 67 25 Louis

1379 765 107 28 Annual
1501 766 51 27 Fee
1724 767 49 28 $35
2105 765 52 29 $50
2500 762 33 29 $0

1310 825 176 35 Application
1501 825 51 27 Fee
1733 831 34 28 $0
2105 829 51 30 $25
2500 826 34 29 $0

1351 887 105 35 Hourly
1469 887 82 27 Rates
1734 887 33 29 $8
2114 887 32 28 $8
2488 884 15 29 $
2512 884 2 38 1
2523 884 16 25 0

1396 949 155 27 Amenities
1628 952 19 17 D
1661 947 58 26 Free
1729 955 42 25 gas
2010 950 20 17 D
2043 947 58 25 Free
2112 954 41 26 gas
2427 947 19 18 D
2460 944 57 25 Free
2528 952 42 24 gas

1628 992 19 18 D
1661 989 127 25 Insurance
2010 992 20 17 D
2043 988 127 26 Insurance
2427 990 19 18 D
2460 986 127 25 Insurance

1628 1035 18 17 D
1661 1030 39 25 180
1712 1030 125 32 miles/day
2010 1034 20 17 D
2042 1030 34 26 80
2087 1030 125 33 miles/day
2427 1032 19 17 D
2460 1028 50 25 200
2522 1027 124 32 miles/day

1628 1077 18 17 D
1661 1073 122 25 Roadside
1795 1073 131 25 assistance
2010 1076 20 17 D
2043 1072 123 25 Roadside
2177 1072 130 25 assistance

2010 1118 20 17 D
2042 1114 58 26 GPS
2112 1114 133 32 navigation

806 2021 84 21 Oubre
899 2020 115 22 believes
1024 2020 40 22 the
1075 2019 63 23 staff
1146 2019 91 22 should

764 2058 30 22 be
811 2058 55 22 able
883 2062 24 18 to
924 2064 47 23 pay
988 2064 68 16 more
1072 2057 124 22 attention
1213 2061 25 18 to

764 2096 114 22 children
899 2096 57 22 than
977 2102 30 16 an
1028 2095 147 23 over-sized
1195 2095 43 22 list

766 2134 59 22 with
846 2140 72 22 many
940 2137 100 25 parents
1060 2133 58 22 who
1137 2132 101 23 decline

767 2171 127 22 available
907 2174 78 25 spots.

808 2207 69 22 Prior
898 2211 24 18 to
944 2207 39 22 the
1005 2214 55 15 new
1081 2206 94 29 policy,
1198 2206 40 22 the

764 2245 64 22 staff
840 2245 83 22 would
1001 2245 108 28 through
1124 2245 41 22 the
1181 2244 56 23 first

763 2284 31 21 60
813 2289 31 16 on
864 2283 40 22 the
924 2283 42 22 list
984 2283 60 25 (and
1064 2283 40 22 the
1124 2283 112 28 parents)

762 2321 100 22 decline
876 2321 40 22 the
1023 2320 86 22 Oubre
1123 2320 63 22 said.

894 2358 76 23 we're
986 2358 85 29 losing
1087 2364 110 16 revenue
1213 2357 23 22 in

763 2397 40 21 the
826 2396 134 22 meantime
982 2395 83 29 trying
1087 2400 26 17 to
1135 2395 39 22 fill
1197 2395 40 22 the

906 2471 66 22 main
990 2471 75 22 focus
1082 2471 59 22 here
1159 2471 21 22 is
1198 2471 40 22 the

917 2509 85 22 Oubre
1015 2509 63 22 said.

809 2546 104 29 English
955 2546 131 29 professor
1126 2546 114 22 Jennifer

766 2584 133 22 Jeanfreau
925 2591 56 15 sees
1006 2584 41 22 the
1072 2590 54 16 new
1153 2583 86 29 policy

767 2629 27 15 as
818 2621 117 23 standard
960 2621 39 22 for
1023 2621 41 22 the
1088 2621 70 22 child
1182 2628 57 15 care

767 2663 90 19 center.

1009 2703 12 16 a
1034 2696 100 29 facility
1148 2696 29 23 of
1188 2697 52 22 that

767 2735 104 29 quality,
894 2735 58 22 with
975 2734 60 23 such
1058 2734 49 22 low
1129 2734 111 22 student/

767 2773 101 22 teacher
893 2772 86 25 ratios,
1004 2772 40 22 for
1067 2771 127 29 example,
1220 2771 20 22 is

885 2809 134 23 Jeanfreau
1033 2809 63 22 said.

810 2847 133 23 Jeanfreau
956 2847 43 22 has
1012 2847 47 22 had
1073 2847 43 22 her
1127 2847 69 22 child
1209 2853 31 16 on

767 2885 40 23 the
822 2885 102 28 waiting
938 2885 41 22 list
993 2885 39 22 for
1044 2889 50 18 two
1108 2884 92 23 weeks.

811 2924 100 22 Parents
927 2923 138 29 registered
1080 2929 31 15 on
1127 2922 40 22 the
1183 2922 57 22 wait

768 2961 42 22 list
820 2961 87 22 before
917 2961 41 22 the
968 2960 40 23 fee
1017 2967 71 15 came
1100 2960 53 22 into
1161 2959 79 23 effect

767 3006 40 15 are
822 2998 54 22 also
888 2998 116 28 required
1017 3001 25 19 to
1054 3004 48 22 pay
1116 2997 40 22 the
1170 2997 49 22 fee.

1325 1932 101 22 Parents
1451 1930 51 23 will
1528 1930 51 23 still
1605 1931 63 28 keep
1692 1930 62 22 their

1281 1969 109 29 original
1404 1969 71 29 place
1488 1975 32 16 on
1533 1969 40 22 the
1587 1969 103 28 waiting
1704 1969 49 22 list.

1324 2007 50 23 The
1398 2007 103 28 waiting
1523 2007 42 22 list
1588 2007 20 22 is
1630 2010 37 19 set
1689 2013 31 16 on
1742 2013 12 15 a

1282 2045 79 23 tiered
1380 2048 102 26 system.
1502 2044 106 29 Priority
1627 2047 69 26 spots
1714 2051 40 15 are

1282 2083 40 22 for
1334 2082 104 30 faculty,
1452 2082 69 25 staff,
1534 2082 48 22 and
1595 2082 122 22 students.

1325 2120 151 29 Remaining
1513 2123 71 26 spots
1620 2126 40 16 are
1696 2119 58 22 then

1284 2158 126 21 available
1468 2157 39 22 for
1563 2157 41 22 the
1661 2157 93 22 alumni

1283 2195 163 28 community.

1324 2232 71 22 Trish
1407 2232 46 22 Del
1467 2232 66 22 Nero
1545 2232 20 22 is
1576 2239 14 15 a
1601 2235 86 25 parent
1699 2232 55 21 who

1281 2270 21 22 is
1330 2269 157 29 undergoing
1514 2270 40 22 the
1582 2269 103 29 waiting
1712 2269 42 22 list

1281 2315 104 22 process
1398 2307 40 22 for
1450 2307 40 22 the
1504 2307 94 22 second
1612 2307 67 22 time.

1416 2345 134 29 daughter)
1570 2344 48 23 had
1639 2344 62 23 been
1722 2351 32 16 on

1281 2383 41 22 the
1334 2383 58 22 wait
1404 2383 42 22 list
1457 2383 40 22 for
1508 2383 76 22 about
1595 2386 50 19 two

1282 2422 43 22 she
1339 2422 63 22 said.

1325 2459 45 22 Del
1397 2459 67 22 Nero
1489 2458 79 29 hopes
1593 2458 43 22 her
1660 2458 94 22 second

1281 2496 79 25 child,
1380 2497 92 28 Henry,
1492 2495 52 23 will
1564 2496 64 22 have
1647 2503 13 14 a
1680 2502 74 22 space

1283 2533 126 23 available
1454 2533 24 22 in
1523 2533 39 23 the
1607 2532 147 30 pre-school

1282 2576 120 24 category
1415 2571 31 29 by
1461 2575 57 18 next
1532 2571 52 22 fall.

1325 2609 85 22 Oubre
1433 2609 54 22 said
1511 2609 40 22 the
1573 2612 86 19 center
1682 2608 20 23 is
1725 2615 29 16 an

1283 2651 67 18 asset
1372 2650 25 19 to
1418 2647 41 22 the
1481 2646 97 29 Loyola
1599 2646 155 29 community

1284 2685 51 22 that
1364 2684 90 23 allows
1484 2687 99 26 parents
1683 2683 71 23 focus

1285 2729 67 15 more
1365 2729 32 15 on
1410 2722 65 22 their
1487 2721 96 23 studies
1595 2728 28 15 or

1474 2759 113 22 children
1618 2765 39 16 are
1689 2758 23 23 in
1743 2765 11 16 a

1286 2797 96 28 loving,
1438 2797 86 28 caring
1580 2797 174 22 environment

1285 2835 107 26 (where)
1407 2834 98 29 they're
1520 2834 75 29 being
1611 2834 56 22 well
1683 2834 71 23 taken

1285 2879 56 15 care
1418 2872 85 22 Oubre
1517 2872 62 22 said.

1341 2946 91 19 Monica
1443 2946 31 19 Vo
1485 2952 40 13 can
1537 2946 26 19 be
1575 2946 94 19 reached
1681 2949 19 16 at

1415 2979 209 24 qavo@loyno.edu

808 3369 72 23 Crutti
896 3369 122 29 explained
1035 3368 52 22 how
1104 3368 37 22 the
1157 3367 83 23 station

767 3414 52 16 uses
828 3406 85 26 $2,000
921 3414 12 14 a
942 3413 53 22 year
1003 3413 24 15 as
1036 3413 12 15 a
1056 3406 53 22 bare
1118 3405 122 22 minimum

767 3449 22 18 to
805 3449 36 25 get
857 3449 23 18 to
895 3444 37 22 the
949 3448 51 18 next
1015 3450 60 22 year,
1092 3443 75 22 which
1182 3443 58 22 does

767 3487 38 18 not
820 3482 90 22 include
925 3482 139 28 advertising
1077 3488 27 16 or
1117 3488 44 21 any
1175 3481 65 22 other

766 3520 151 30 promotional
943 3520 59 23 tools
1026 3524 23 18 to
1071 3523 107 25 generate
1202 3519 37 22 the

767 3559 89 22 income
866 3562 24 19 to
899 3565 79 16 secure
988 3558 37 22 the
1035 3557 105 23 station's
1149 3557 82 22 future.

926 3596 139 29 advertising
1083 3595 19 23 is
1120 3595 61 22 hard.
1198 3595 40 22 We

764 3635 45 22 still
818 3634 50 23 face
877 3634 116 30 problems
1002 3634 99 22 because
1109 3633 37 22 the
1154 3632 83 23 station

764 3673 19 22 is
794 3673 21 22 in
826 3672 27 23 its
986 3671 72 23 Crutti
1069 3671 57 22 said.

806 3711 33 22 As
864 3710 28 23 of
916 3717 58 19 now,
1000 3709 37 23 the
1063 3709 65 22 radio
1154 3708 83 23 station

763 3748 66 23 holds
851 3752 55 19 onto
927 3747 102 25 $464.50
1050 3747 28 22 of
1098 3747 89 22 unused
1209 3747 28 22 ad

763 3793 68 23 space
845 3786 21 22 in
878 3786 49 22 The
940 3785 159 23 Maroonof
1110 3785 76 22 which
1199 3785 37 22 the

762 3824 64 22 radio
843 3824 81 22 station
942 3824 86 28 bought
1045 3824 54 22 with
1116 3830 13 15 a
1146 3823 90 29 surplus

752 3864 132 27 Computer.

839 3900 43 23 feel
894 3907 54 22 very
960 3899 102 23 thankful
1074 3899 44 22 and
1129 3898 107 30 gracious

762 3938 99 22 towards
883 3938 88 29 Snyder
992 3937 35 23 for
1048 3937 80 29 giving
1150 3943 26 16 us
1198 3936 38 22 the

763 3982 81 22 proper
855 3975 181 29 appropriations
1049 3974 88 23 needed
1151 3974 36 23 for
1198 3974 37 22 the

763 4013 81 22 station
852 4017 23 18 to
882 4013 106 22 continue
997 4012 161 29 broadcasting
1165 4017 24 17 to
1197 4016 38 18 not

762 4051 54 28 only
836 4051 86 28 Loyola
941 4051 102 22 students
1062 4051 38 22 but
1119 4056 116 22 everyone

763 4089 85 22 around
868 4089 37 22 the
1039 4089 49 22 said
1109 4088 125 29 Huntleigh

762 4126 103 24 Gilbard,
877 4126 100 28 political
991 4127 91 22 science
1094 4126 140 28 sophomore

1285 3274 43 22 and
1351 3274 169 29 programming
1541 3274 98 23 director
1661 3274 35 22 for
1717 3275 36 22 the

1285 3312 89 22 station.

1326 3349 95 22 Gilbard
1435 3349 72 22 views
1520 3354 103 17 concerts
1637 3356 24 15 as
1676 3356 77 16 means

1285 3391 23 19 to
1317 3391 105 25 generate
1433 3387 90 23 income
1533 3387 35 23 for
1578 3388 36 21 the
1624 3388 88 22 station.

1458 3432 35 15 we
1507 3432 37 15 are
1559 3425 108 22 involved
1681 3425 22 22 in
1717 3425 36 22 the

1284 3462 74 23 music
1376 3469 76 18 scene,
1470 3466 103 18 concerts
1592 3469 64 16 serve
1674 3469 26 16 as
1717 3463 36 22 the

1284 3501 49 21 best
1346 3499 142 29 fundraising
1501 3499 66 23 tactic
1579 3506 25 16 as
1617 3499 50 23 well
1681 3507 25 15 as
1717 3500 36 23 the

1284 3543 60 17 most
1358 3537 99 23 realistic
1472 3537 44 22 and
1531 3537 120 29 simplistic
1666 3544 51 22 way
1731 3542 22 17 to

1283 3576 58 22 raise
1465 3575 95 23 Gilbard
1570 3575 56 23 said.

1325 3614 44 22 For
1383 3614 37 22 the
1435 3613 78 29 spring
1529 3616 115 22 semester,
1658 3613 95 23 Gilbard

1282 3652 66 29 plans
1368 3655 23 19 to
1412 3658 93 22 arrange
1526 3658 13 15 a
1558 3650 85 23 benefit
1662 3654 91 19 concert

1282 3690 55 22 with
1352 3689 89 30 Loyola
1455 3689 73 22 bands
1542 3695 25 16 as
1582 3688 52 23 well
1650 3695 24 15 as
1689 3695 64 16 some

1282 3728 39 29 big
1330 3734 67 16 name
1407 3727 72 22 bands
1490 3726 138 29 headlining.

1325 3765 60 22 With
1413 3764 36 23 the
1477 3764 78 29 ability
1583 3768 23 18 to
1633 3771 63 22 carry
1722 3771 30 15 on

1281 3803 37 23 for
1347 3802 94 23 another
1471 3809 60 22 year.
1561 3802 109 22 Crescent
1700 3802 53 29 City

1281 3841 75 22 Radio
1372 3847 81 16 moves
1469 3840 99 23 forward
1584 3840 48 23 into
1647 3840 37 23 the
1700 3844 53 19 next

1280 3883 115 18 semester.

1407 3917 46 22 that
1464 3917 37 22 the
1511 3916 77 23 thread
1598 3916 28 22 of
1633 3916 89 22 closure
1733 3916 19 22 is

1280 3956 84 22 behind
1374 3962 33 17 us,
1418 3962 34 15 we
1460 3962 42 15 can
1512 3954 67 22 focus
1587 3961 30 15 on
1627 3954 125 29 upgrading

1279 4001 42 15 our
1445 3992 72 23 Crutti
1528 3992 55 22 said.

1327 4067 80 20 Russell
1418 4067 83 20 Shelton
1511 4073 37 14 can
1557 4067 25 19 be
1591 4066 85 20 reached
1685 4069 19 17 at

1402 4100 110 25 jrshelto@
1517 4100 108 25 loyno.edu

2350 3998 67 19 Caitlin
2427 3999 83 18 Sullivan
2518 3997 9 22 /
2535 3999 99 18 Assistant
2643 3999 62 22 photo
2714 3999 62 18 editor

1796 4035 59 26 Two
1870 4036 55 25 DJs
1940 4036 66 25 host
2019 4042 16 19 a
2048 4036 80 25 show
2140 4042 36 19 on
2190 4036 139 26 Crescent
2343 4036 62 32 City
2419 4037 95 25 Radio.
2527 4036 70 26 With
2610 4043 105 25 money

1796 4077 73 27 from
1881 4078 50 26 the
1945 4078 91 27 music
2049 4078 196 32 department,
2257 4078 50 27 the
2321 4078 109 27 station
2445 4085 64 26 may
2522 4079 36 26 be
2571 4078 64 27 able
2648 4078 30 27 to

1796 4121 122 26 become
1931 4127 16 20 a
1960 4120 233 32 self-sustaining
2206 4121 199 31 organization
2419 4121 25 26 in
2456 4121 52 26 the
2520 4120 104 27 future.

1412 151 45 20 the
1470 145 154 30 Maroon

247 190 113 24 4

2341 182 117 29 FRIDAY,
2473 181 173 26 DECEMBER
2658 181 27 29 11,
2698 180 82 26 2009

765 257 252 83 CARS:
1031 263 352 105 Program
1410 291 173 49 seen
1612 291 72 49 as
1711 257 329 85 solution
2069 285 79 55 to
2175 255 312 111 parking
2512 257 186 78 issue

251 263 446 82 lUVE:New

250 398 167 110 plan
441 425 243 83 targets

251 532 435 110 sophomore

253 671 343 77 retention

844 413 139 28 Continued
993 413 65 27 from
1067 420 68 26 page
1150 414 8 26 1

328 818 140 28 Continued
478 819 62 26 from
550 824 67 26 page
631 818 8 26 1

767 1648 406 84 WHELAN:
1190 1654 308 78 Parents
1529 1648 155 81 will

767 1814 152 77 pay
949 1780 160 91 $25
1146 1810 85 54 to
1264 1810 129 81 get
1420 1814 112 50 on
1566 1780 122 81 list

1802 1646 195 81 SGA:
2014 1644 385 83 President
2427 1643 330 84 satisfied

1798 1780 204 83 with
2041 1812 369 77 progress
2451 1812 86 49 so
2580 1778 118 81 far

844 1936 139 27 Continued
993 1936 64 27 from
1067 1942 67 27 page
1144 1936 16 27 3

1878 1935 141 27 Continued
2028 1935 64 27 from
2101 1941 66 25 page
2181 1935 8 25 1

772 3128 311 82 RADIO:
1104 3132 316 78 Station
1459 3161 186 76 may
1678 3128 338 83 become
2052 3128 640 110 self-sustaining

847 3285 141 28 Continued
997 3285 64 27 from
1071 3290 67 27 page
1148 3284 16 27 3
