2884 4319
154 463 23 18 to
183 461 48 27 join
241 461 35 21 the
286 461 71 23 tennis
366 466 64 19 team.

196 497 62 23 "I've
276 498 80 30 played
375 500 192 30 (independently)
585 508 37 22 my

154 535 68 22 entire
240 535 46 27 life,
303 536 38 23 but
358 537 52 30 high
428 539 77 23 school
524 546 45 15 was
586 540 37 21 the

155 573 46 23 first
214 577 58 19 team
286 574 7 22 I
308 574 80 30 played
467 577 47 22 said
529 577 93 22 Hannah

154 611 64 25 Neal,
237 613 132 29 accounting
388 613 119 23 freshman.
576 621 47 15 was

154 656 12 15 a
181 649 37 29 big
232 650 113 23 transition
361 651 99 23 between
476 652 53 29 high
544 651 77 23 school

154 686 42 23 and
213 687 93 30 college.
325 689 93 29 College
435 690 72 22 tennis
525 690 18 22 is
561 696 61 16 more

196 762 105 30 Loyola's
328 766 109 22 women's
464 765 72 23 tennis
563 769 59 18 team

154 800 105 28 practices
266 806 20 18 at
294 802 36 23 the
336 803 111 22 Audubon
453 803 82 22 Tennis
540 803 82 22 Courts

153 839 42 22 and
211 839 36 22 the
264 839 126 30 University
405 840 80 23 Tennis
501 839 122 23 Center-of

667 401 56 22 New
737 400 101 22 Orleans.
851 399 48 22 The
911 398 115 29 emphasis
1038 398 27 21 of
1076 398 61 21 these

667 438 107 29 practices
784 437 18 22 is
811 444 29 15 on
850 436 71 23 focus.

832 474 18 23 is
861 474 28 23 all
901 474 68 23 about
980 473 94 28 training
1085 472 52 22 with

822 512 47 23 said
878 512 115 28 Engineer.
1032 514 38 25 get
1078 510 59 22 them

667 555 22 19 to
705 551 65 22 focus
785 557 30 15 on
831 550 58 22 what
905 549 50 28 they
972 555 36 15 are
1023 548 70 28 doing
1108 554 29 15 on

666 589 55 22 each
730 588 44 22 ball
784 588 50 28 they

709 625 56 23 Neal
782 625 47 22 said
845 624 36 22 the
898 624 94 28 training
1008 624 129 28 techniques

667 663 84 29 require
761 662 85 23 serious
856 662 71 22 focus.

790 706 49 22 way
861 700 36 22 the
916 699 72 23 coach
1009 699 89 22 teaches
1119 699 18 22 is

666 745 45 22 you
723 738 67 29 really
804 738 56 22 have
872 741 22 18 to
906 737 27 22 be
946 740 87 26 present
1046 737 20 22 in
1080 737 57 22 what

666 783 45 23 you
723 783 35 15 are
769 775 70 29 doing
850 782 26 15 so
887 782 45 21 you
943 782 36 15 are
991 781 68 16 never
1069 774 68 30 really

666 814 101 28 thinking
783 813 67 23 about
866 812 106 29 anything
988 812 54 26 else,
1057 817 80 25 except

1183 396 35 23 for
1225 396 59 23 what
1291 396 18 22 is
1318 396 127 29 happening
1452 400 21 18 at
1480 396 45 22 that

1183 434 47 22 said
1240 434 62 22 Neal.

1225 472 96 22 Practice
1343 471 48 23 also
1413 471 101 23 includes
1535 472 117 29 technique

1182 509 94 29 training
1286 509 43 22 and
1339 509 101 29 personal
1452 509 76 23 fitness
1538 517 114 22 programs

1182 547 35 22 for
1225 547 36 22 the
1270 547 93 29 players.

1225 585 92 29 Landry,
1344 585 36 22 the
1407 586 78 22 team's
1512 586 94 29 captain,
1634 586 18 22 is

1181 629 13 17 a
1219 624 93 22 transfer
1335 624 87 22 student
1447 624 59 22 from
1530 624 122 29 Lipscomb

1182 661 132 29 University,
1337 662 73 22 where
1433 662 39 22 she
1495 668 45 16 was
1562 668 13 16 a
1597 666 41 18 two-

1181 699 53 23 time
1248 700 87 24 A-Sun,
1350 699 172 23 All-Academic
1539 700 113 28 recipient,

1181 737 78 29 posted
1274 737 24 23 IS
1309 737 57 22 wins
1377 737 20 22 in
1408 737 84 29 singles
1502 738 43 22 and
1559 737 26 22 12
1595 737 57 22 wins

1182 775 21 22 in
1211 775 102 22 doubles.

1258 817 59 18 want
1330 817 23 18 to
1366 813 27 22 be
1407 813 60 22 there
1481 812 36 23 for
1529 813 35 22 the

1699 397 47 22 said
1754 397 90 28 Landry.
1881 397 67 22 could
1956 397 27 22 be
1990 397 57 22 their
2053 401 87 18 mentor
2145 403 24 16 or

1698 435 46 22 role
1756 435 73 22 model
1843 435 18 22 if
1871 435 50 28 they
1933 435 56 23 have
2001 441 43 22 any
2056 435 113 28 problems

1697 480 25 15 or
1730 473 102 29 question
1843 473 66 22 about

1740 511 100 22 Because
1848 510 27 23 of
1879 511 42 22 this
1929 511 98 24 attitude,
2036 511 35 22 the
2079 518 89 15 women

1794 548 50 23 well
1867 549 52 22 with
1940 549 55 22 each
2120 548 48 22 said

1697 586 114 29 Engineer.

1739 624 61 22 "I've
1812 624 87 22 learned
1910 624 105 22 different
2025 624 73 29 things
2109 624 59 22 from

1696 662 37 22 the
1749 666 43 18 rest
1807 662 27 22 of
1849 662 34 22 the
1900 666 59 18 team
1976 662 43 22 like
2037 662 130 22 motivation

1696 700 44 22 and
1960 700 47 22 said
2031 700 62 22 Neal.
2116 700 52 22 "It's

1696 737 61 29 good
1766 741 22 18 to
1796 737 27 22 be
1832 738 122 22 motivated
1962 737 58 29 by...
2031 738 83 28 having
2121 738 46 24 (the

1697 778 42 19 rest
1749 774 26 23 of
1782 775 35 22 the
1827 777 68 24 team)
1904 776 60 22 there
1973 779 23 19 to
2005 775 52 29 help
2066 782 44 22 you
2120 779 47 25 stay

2268 397 50 22 Win
2332 403 26 16 or
2371 396 55 25 lose.
2441 396 110 29 Engineer
2565 396 48 22 said
2627 396 28 22 he
2669 396 17 22 is

2213 434 150 23 enthusiastic.

2289 472 57 23 have
2358 479 12 15 a
2381 472 60 29 good
2452 478 72 23 group
2535 472 27 22 of
2571 472 60 28 girls.
2644 472 42 22 I'm

2213 511 73 28 happy
2299 511 53 22 with
2365 511 36 22 the
2414 511 61 22 work
2488 510 52 28 they
2552 516 36 16 are
2601 510 84 28 putting

2214 549 28 24 in,
2256 549 42 22 and
2313 549 41 22 I'm
2368 548 88 23 excited
2469 552 23 18 to
2505 555 38 15 see
2557 548 73 22 where
2644 547 42 23 this

2213 590 57 19 team
2280 593 41 16 can
2391 586 111 29 Engineer
2511 586 54 22 said.

2254 624 47 23 The
2311 624 110 22 women's
2430 623 71 23 tennis
2511 627 59 19 team
2579 623 46 22 will
2634 623 50 29 play

2212 662 83 22 Xavier
2308 662 128 29 University
2450 661 21 23 in
2485 661 56 23 their
2553 661 46 22 first
2612 661 73 22 match

2212 704 21 18 at
2245 700 83 22 Tulane
2342 699 129 29 University
2485 706 28 15 on
2529 699 96 28 Sunday,
2638 699 46 22 Jan.

2213 737 34 23 31.

2260 811 87 26 Brittney
2357 811 84 20 Holmes
2448 817 37 14 can
2494 811 24 20 be
2528 811 83 20 reached
2619 814 19 17 at

2330 844 237 26 bsholmes@loyno.edu

152 1207 110 28 Kennedy
282 1207 48 22 said
348 1208 40 22 she
406 1208 151 29 experienced
575 1214 44 16 one

151 1244 26 23 of
199 1245 39 22 her
260 1250 60 17 most
343 1246 138 22 memorable
506 1250 113 18 moments

151 1282 21 22 in
187 1282 39 23 her
238 1289 77 16 career
326 1289 25 17 as
365 1290 12 16 a
390 1284 79 25 coach,
483 1284 36 22 the
534 1284 86 22 NCAA

151 1323 147 20 tournament.

295 1362 23 19 to
330 1359 36 22 the
380 1359 85 23 NCAA
477 1363 142 19 tournament

151 1402 46 16 was
219 1402 52 23 very
292 1396 100 29 exciting
413 1397 43 22 and
477 1397 37 22 the
535 1397 84 29 hoopla

151 1434 148 28 surrounding
343 1434 44 22 that
431 1434 18 22 is

665 1123 111 28 Kennedy
787 1123 55 22 said.

707 1161 23 22 In
769 1161 60 22 2005
869 1160 93 29 though,
1000 1160 134 30 everything

663 1199 104 29 changed
774 1199 36 22 for
817 1198 116 29 Kennedy.
939 1198 66 22 After
1011 1198 123 23 Hurricane

664 1237 93 22 Katrina
774 1236 32 22 hit
824 1237 57 22 New
900 1236 104 25 Orleans,
1022 1236 111 29 Kennedy

663 1275 49 22 said
722 1275 40 22 she
771 1274 129 29 developed
910 1281 12 15 a
932 1281 50 15 new
992 1274 141 29 perspective

662 1319 29 16 on
704 1312 40 22 her
755 1312 46 22 life.
812 1312 48 22 The
872 1316 93 18 amount
976 1312 27 22 of
1012 1312 69 22 travel
1094 1312 39 22 she

662 1350 39 22 did
711 1350 36 22 for
754 1350 86 22 Tulane
851 1350 35 22 led
897 1350 39 22 her
945 1354 23 18 to
978 1350 46 22 tire.

798 1389 36 22 the
851 1392 77 20 storm,
943 1388 7 22 I
967 1388 39 22 left
1020 1388 112 28 coaching

662 1427 44 22 and
719 1427 95 27 thought
829 1427 44 21 that
889 1426 81 28 maybe
985 1426 7 22 I
1007 1426 89 22 wanted
1110 1430 23 18 to

1178 1123 31 22 do
1217 1123 131 29 something
1357 1123 48 22 else
1415 1123 36 22 for
1460 1123 82 22 awhile
1552 1123 97 22 because

1179 1161 7 22 1
1201 1168 46 15 was
1261 1168 12 15 a
1288 1160 54 23 little
1356 1161 86 22 burned
1455 1164 46 19 out.
1518 1179 25 4 ...
1558 1161 51 22 And
1624 1168 25 15 so

1179 1199 6 21 I
1200 1198 96 23 decided
1309 1202 23 19 to
1344 1205 61 23 open
1418 1206 38 22 my
1469 1205 52 16 own
1536 1199 111 22 business.

1179 1236 7 22 I
1199 1236 38 22 did
1250 1237 45 21 that
1308 1236 36 23 for
1355 1243 12 15 a
1379 1236 83 30 couple
1474 1236 28 23 of
1511 1243 65 23 years
1589 1237 38 22 but
1641 1237 6 21 I

1175 1274 46 29 just
1236 1274 69 29 really
1319 1274 74 22 didn't
1409 1274 44 23 like
1468 1274 15 23 it
1498 1274 45 23 that

1178 1313 39 22 she
1227 1313 56 23 said,
1292 1312 108 29 referring
1410 1316 22 19 to
1441 1313 36 22 the
1487 1317 122 18 restaurant
1618 1319 29 16 on

1177 1351 50 22 Oak
1238 1351 71 22 Street
1320 1351 39 22 she
1369 1351 90 28 opened
1469 1351 44 22 and
1522 1351 53 22 then
1585 1351 57 22 sold.

1218 1388 98 24 Jobless,
1330 1388 41 22 she
1384 1388 52 23 then
1452 1388 39 23 left
1504 1388 85 23 Tulane
1603 1389 44 22 and

1177 1426 95 22 decided
1289 1430 38 18 not
1342 1429 23 19 to
1380 1430 80 21 return,
1476 1433 27 15 so
1518 1427 40 21 she
1574 1426 72 28 began

1694 1127 23 18 to
1744 1123 78 22 search
1849 1123 36 22 for
1910 1123 109 29 anything
2046 1123 119 22 available.

1695 1161 147 25 Meanwhile,
1894 1160 108 30 Loyola's
2054 1160 111 23 women's

1694 1198 125 23 basketball
1863 1198 72 23 coach
1979 1199 44 21 had
2066 1198 99 29 recently

1693 1236 112 29 resigned.
1822 1236 111 29 Kennedy
1949 1243 46 15 was
2011 1236 82 22 named
2107 1236 58 22 head

1692 1274 72 23 coach
1774 1281 30 15 on
1813 1274 52 29 July
1875 1274 21 26 7,
1907 1274 68 22 2008.

1736 1313 127 28 Reflecting
1878 1319 29 16 on
1923 1313 39 22 her
1977 1313 60 28 path,
2053 1313 111 27 Kennedy

1692 1351 57 24 said,
1794 1351 63 22 think
1868 1351 28 22 all
1909 1351 37 22 the
1957 1350 76 29 things
2044 1357 45 22 you
2100 1350 31 22 do
2143 1350 21 22 in

1692 1396 57 22 your
1763 1388 39 23 life
1819 1388 49 23 lead
1883 1395 46 22 you
1944 1392 23 19 to
1981 1389 36 22 the
2034 1392 52 18 next
2100 1388 64 29 thing

1692 1426 43 22 and
1749 1426 66 22 make
1829 1433 45 21 you
1889 1426 52 22 who
1955 1433 45 21 you
2014 1433 43 15 are.
2073 1426 7 22 I
2094 1426 69 22 could

2211 1123 58 22 have
2280 1123 57 22 been
2351 1123 21 22 in
2385 1130 11 15 a
2408 1123 79 28 totally
2499 1122 107 23 different
2618 1123 62 28 place

2211 1161 52 21 than
2274 1161 6 21 1
2291 1167 37 15 am
2338 1160 58 29 right
2406 1167 57 18 now,
2474 1161 38 21 but
2524 1160 42 22 I'm
2576 1160 52 29 glad
2639 1161 41 22 and

2210 1198 75 29 happy
2296 1203 24 18 to
2331 1198 27 23 be
2371 1198 52 23 here
2435 1216 20 5 ...
2466 1198 94 23 There's
2572 1205 29 16 no
2611 1198 69 23 doubt

2211 1237 21 22 in
2242 1237 63 22 mind
2314 1243 53 16 now
2377 1237 59 22 what
2446 1237 7 22 I
2463 1237 58 22 need
2530 1241 24 18 to
2562 1237 30 22 do
2601 1237 36 22 for
2645 1237 35 22 the

2210 1278 43 19 rest
2261 1274 28 23 of
2295 1281 37 22 my
2342 1274 47 23 life.
2397 1274 55 23 This
2461 1274 18 23 is
2488 1275 37 22 the
2534 1275 64 28 place
2608 1275 6 22 I
2624 1275 56 22 need

2209 1316 23 19 to

2252 1386 61 26 Craig
2324 1386 109 20 Malveaux
2443 1392 37 14 can
2490 1386 24 20 be
2523 1386 86 20 reached
2617 1390 19 16 at

2323 1419 243 25 camalvea@loyno.edu

157 1563 532 123 Baseball
740 1563 321 123 team
1112 1562 840 124 concentrates
2003 1593 152 93 on
2206 1563 325 123 class

185 1753 42 32 By
244 1753 115 26 CRAIG
376 1754 205 26 MALVEAUX

269 1793 77 20 Senior
356 1793 58 21 Staff
422 1793 76 21 Writer

191 1866 62 23 With
281 1866 82 29 nearly
391 1870 47 19 two
465 1867 81 22 weeks
574 1866 42 23 left

148 1903 84 23 before
254 1903 83 27 finals,
360 1904 39 22 the
422 1904 108 23 baseball
553 1908 64 19 team

148 1941 20 23 is
192 1946 40 18 not
256 1941 87 30 hitting
367 1942 131 26 baseballs;
523 1942 93 29 they're

149 1980 85 28 hitting
247 1980 38 22 the
298 1980 85 22 books.

191 2018 91 28 During
293 2018 39 22 the
343 2018 132 28 beginning
486 2018 28 22 of
524 2018 38 22 the
574 2018 41 22 fall

148 2059 123 21 semester,
290 2056 38 21 the
348 2055 127 30 Wolfpack
494 2056 122 29 practiced

147 2093 38 22 for
196 2092 36 23 six
245 2093 89 22 weeks.

188 2130 66 29 They
301 2131 98 22 worked
445 2138 30 15 on
522 2131 93 22 several

148 2168 188 26 fundamentals,
366 2168 124 29 including
520 2168 95 29 hitting,

146 2206 109 29 pitching
293 2206 45 22 and
375 2206 104 28 fielding
516 2209 24 19 to
576 2209 39 25 get

146 2244 148 22 themselves
309 2244 116 28 prepared
440 2244 37 22 for
491 2244 38 22 the
545 2244 58 22 inter-

147 2282 75 28 squad
234 2282 64 22 three
310 2289 70 21 game
392 2281 79 22 World
484 2281 80 22 Series
576 2281 38 22 the

146 2323 63 19 team
221 2319 55 22 held
290 2319 21 22 in
325 2319 144 22 November.

189 2357 45 22 But
266 2357 57 22 with
354 2356 106 30 practice
491 2356 122 29 officially

145 2401 65 20 over,
243 2394 61 23 their
334 2394 104 30 primary
470 2394 71 23 focus
572 2394 42 22 has

146 2432 90 23 shifted
247 2432 62 23 from
320 2432 112 23 athletics
442 2436 24 19 to
476 2432 138 23 academics

145 2477 26 16 as
183 2471 38 22 the
234 2471 85 22 winter
331 2471 71 22 break
414 2470 157 29 approaches.

328 2508 20 22 is
381 2508 58 23 such
472 2515 13 15 a
517 2507 83 23 school-

144 2546 110 23 oriented
277 2546 133 29 university
434 2553 27 15 so
483 2552 47 23 you
552 2545 61 22 have

145 2587 24 19 to
189 2587 39 26 get
249 2591 60 22 your
329 2584 78 22 books
427 2583 23 22 in
470 2583 71 22 order
560 2582 53 23 first

145 2621 104 23 because
265 2628 13 15 a
293 2621 34 23 lot
342 2621 28 22 of
384 2628 27 16 us
426 2625 63 18 want
504 2625 25 18 to
544 2620 69 23 make

145 2666 54 16 sure
223 2666 35 15 we
282 2666 38 15 are
343 2659 101 29 eligible
468 2659 83 22 before
575 2659 38 22 the

299 2697 72 23 Brien
420 2697 193 28 Delahoussaye,

144 2735 147 29 accounting
344 2735 155 29 sophomore,
552 2733 59 23 said.

144 2773 98 22 "That's
268 2773 54 29 why
349 2779 36 16 we
411 2772 75 22 finish
513 2778 30 22 up
569 2771 42 22 fall

144 2810 105 30 practice
266 2811 66 28 early
350 2817 28 15 so
395 2810 73 22 we're
486 2809 72 29 ready
575 2808 38 23 for

144 2848 39 22 the
202 2848 81 29 spring
302 2847 175 28 academically
496 2847 45 22 and
559 2847 53 22 also

187 2924 139 28 According
346 2927 24 19 to
389 2923 89 23 Gerald
497 2921 114 26 Cassard,

144 2962 61 22 head
217 2961 108 23 baseball
337 2961 85 24 coach,
434 2961 38 21 the
484 2959 126 30 Wolfpack

144 2999 49 23 will
211 3003 40 19 not
268 3000 29 22 be
314 2998 133 30 practicing
464 2997 70 30 again
552 2996 58 23 until

143 3038 109 28 January.

341 3074 62 29 right
420 3080 54 15 now
490 3080 45 15 our
550 3079 61 22 guys

661 1760 38 15 are
720 1753 86 29 hitting
827 1753 39 23 the
887 1754 89 28 weight
996 1760 68 15 room
1085 1753 44 22 and

661 1792 91 28 getting
777 1792 61 22 their
861 1792 74 22 heads
960 1792 59 22 back
1045 1792 21 22 in
1092 1792 37 22 the

660 1829 135 22 classroom
826 1829 80 29 trying
937 1833 24 19 to
992 1829 75 23 finish
1100 1836 29 22 up

660 1867 39 22 the
721 1870 117 19 semester
859 1867 57 22 with
938 1867 61 22 their

659 1904 106 23 Cassard
801 1904 60 23 said.
899 1904 119 30 "They're
1055 1905 74 29 doing

661 1942 134 22 individual
813 1942 62 22 stuff
889 1949 31 15 on
939 1942 61 23 their
1016 1949 54 16 own
1089 1943 40 21 but

660 1980 65 22 there
745 1980 57 22 isn't
821 1987 12 15 a
853 1980 78 22 whole
951 1980 33 22 lot
1003 1980 28 22 of
1048 1980 80 29 things

659 2018 75 28 going
746 2024 30 16 on
790 2018 37 22 for
838 2024 27 16 us
877 2018 62 28 right
951 2024 54 16 now
1018 2025 26 15 as
1056 2018 37 22 far
1103 2024 25 16 as

660 2056 113 28 practice.
784 2056 79 22 We're
874 2056 54 22 shut
938 2056 72 22 down
1022 2056 59 22 until
1093 2063 35 16 we

659 2100 70 15 come
741 2093 61 22 back
814 2097 24 18 to
851 2094 104 28 practice
968 2093 22 23 in

702 2131 79 22 David
817 2131 163 29 McChesney,
1016 2131 112 23 business

660 2168 135 29 marketing
804 2168 87 25 senior,
901 2168 51 22 said
962 2173 62 17 most
1033 2168 96 29 players

659 2212 38 16 are
710 2205 111 29 utilizing
832 2206 46 22 this
890 2206 57 22 time
958 2210 25 18 to
994 2206 69 22 make
1074 2212 53 16 sure

658 2243 62 22 their
736 2243 87 29 grades
840 2250 38 15 are
896 2243 141 29 acceptable
1055 2243 72 23 while

657 2281 82 22 others
751 2288 39 15 are
799 2281 50 29 just
862 2280 80 30 lifting
955 2281 110 29 weights.

701 2319 127 25 However,
889 2318 155 29 McChesney
1106 2318 20 22 is

657 2355 71 29 using
760 2356 38 22 the
829 2356 72 22 break
932 2360 24 18 to
987 2356 139 28 strengthen

657 2394 46 22 and
721 2394 152 22 rehabilitate
891 2400 13 16 a
921 2394 61 22 knee
1000 2394 78 28 injury
1097 2394 29 22 he

657 2431 109 23 suffered
779 2432 44 22 last
835 2438 95 16 season.

699 2469 67 22 "I've
785 2469 60 22 been
865 2469 109 29 working
993 2473 40 19 out
1052 2469 73 23 about

657 2507 65 22 three
737 2507 60 28 days
812 2514 12 15 a
840 2507 75 22 week.
932 2507 45 22 I'm
993 2507 132 29 rehabbing

657 2551 39 22 my
717 2544 38 29 leg
774 2551 73 22 every
867 2545 46 28 day
933 2544 62 22 from
1016 2544 108 29 Monday

657 2586 24 18 to
696 2582 85 29 Friday
797 2582 56 22 with
869 2582 39 22 the
922 2582 87 22 team's
1024 2582 101 22 trainers

657 2620 45 22 and
713 2620 121 28 swinging
845 2620 39 22 the
895 2620 38 22 bat
944 2620 58 28 only
1013 2627 13 15 a
1036 2620 88 29 couple

656 2657 29 23 of
716 2658 68 28 days,
820 2658 101 28 nothing
956 2661 41 19 too

656 2695 157 29 McChesney
826 2695 59 23 said.
986 2695 84 30 giving
1083 2696 17 22 it
1112 2703 13 15 a

657 2732 60 23 little
729 2733 72 22 break
814 2740 27 15 so
853 2733 8 22 I
873 2740 44 15 can

698 2770 185 29 Delahoussaye
915 2770 19 23 is
965 2771 90 29 resting
1086 2771 37 22 his

656 2808 63 28 body
731 2808 86 29 during
829 2808 39 22 the
880 2808 140 23 downtime.

798 2847 39 22 the
851 2847 79 22 World
944 2847 80 22 Series
1037 2847 87 26 ended,

655 2884 52 22 I've
735 2884 89 22 started
852 2884 109 29 working
989 2889 41 18 out
1058 2891 66 16 more

655 2921 105 23 because
784 2922 57 22 time
866 2922 42 22 has
932 2923 95 28 opened
1052 2929 38 22 up.
1116 2923 7 22 I

655 2959 99 22 haven't
782 2959 75 29 really
885 2960 93 22 thrown
1006 2967 27 15 or
1060 2960 63 22 done

655 2996 70 22 much
860 2997 29 22 he
900 2997 59 22 said.
972 2997 61 22 "I'm
1044 2998 79 28 trying

654 3038 25 18 to
698 3034 56 28 give
775 3041 38 22 my
834 3034 64 29 body
919 3041 12 15 a
951 3039 48 18 rest
1019 3035 104 22 because

655 3079 35 15 we
722 3072 46 22 had
800 3079 12 15 a
844 3076 77 24 pretty
954 3073 93 22 intense
1079 3073 42 22 fall

1167 2938 131 28 compared
1316 2941 24 19 to
1358 2938 39 22 the
1415 2938 45 22 last
1478 2938 42 22 fall
1539 2945 35 15 we
1592 2938 46 22 had

1168 2974 45 23 last

1210 3013 100 29 Despite
1333 3013 39 22 the
1396 3013 72 22 break
1490 3013 106 23 Cassard
1618 3013 20 23 is

1167 3050 84 29 giving
1279 3051 39 22 the
1346 3055 62 18 team
1436 3051 39 22 for
1503 3051 134 23 individual

1683 2938 132 25 workouts,
1842 2938 55 29 they
1925 2945 39 16 are
1992 2939 112 29 required
2132 2943 24 19 to

1682 2983 70 15 come
1769 2976 61 22 back
1847 2976 23 22 in
1887 2976 74 29 shape
1978 2977 46 22 and
2041 2977 73 29 ready
2131 2981 24 19 to

1683 3020 94 16 resume
1789 3013 105 29 practice
1906 3021 32 15 on
1949 3014 52 22 Jan.
2018 3013 34 29 11.

1723 3051 50 22 The
1789 3051 151 29 Wolfpack's
1955 3052 108 29 opening
2079 3052 75 23 series

2199 2940 95 28 against
2310 2940 108 22 William
2434 2941 78 29 Carey
2530 2941 141 29 University

2200 2978 20 22 is
2231 2978 51 22 Jan.
2296 2978 39 22 29.

2227 3051 65 26 Craig
2304 3052 117 20 Malveaux
2432 3059 40 13 can
2483 3053 25 19 be
2519 3053 92 19 reached
2622 3056 19 16 at

2304 3085 260 27 camalvea@loyno.edu

2390 2797 46 18 FILE
2445 2796 128 21 PHOTO/The
2583 2797 81 19 Maroon

1170 2824 140 32 Loyola's
1327 2824 141 25 baseball
1485 2824 84 26 team
1585 2824 92 26 takes
1693 2830 16 19 a
1726 2824 94 25 break
1836 2824 33 26 to
1886 2824 114 26 huddle
2017 2824 110 33 during
2144 2831 15 20 a
2177 2831 92 27 game
2285 2826 61 26 last
2364 2826 117 32 spring.
2498 2827 171 32 Currently,

1169 2865 75 32 they
1260 2872 53 19 are
1328 2865 107 32 taking
1451 2872 17 19 a
1485 2866 93 25 break
1595 2865 78 26 from
1691 2865 140 32 practice
1847 2866 33 25 to
1896 2872 134 25 prepare
2047 2866 47 26 for
2109 2867 83 26 their
2209 2868 166 32 upcoming
2393 2874 129 21 season.

1311 142 45 21 the
1370 136 154 30 Maroon

158 181 115 31 FRIDAY,
287 183 173 29 DECEMBER
472 187 27 29 11,
512 187 82 26 2009

2573 176 112 24 9

157 245 350 88 TENNIS:
534 255 423 105 Engineer
999 247 276 83 shows
1321 245 535 83 enthusiasm
1900 245 134 83 for
2078 277 188 51 new
2308 272 224 56 team

235 396 139 30 Continued
383 399 63 28 from
456 407 66 27 page
532 401 16 27 8

157 973 444 83 KENNEDY:
645 978 357 76 Katrina
1044 973 276 81 marks
1368 977 359 106 turning
1767 977 256 105 point
2067 977 86 76 in
2199 1005 277 49 career

233 1123 139 28 Continued
381 1124 64 27 from
454 1130 66 27 page
530 1124 17 27 8

304 3193 95 35 Bcrrvf
416 3189 106 31 CrccU.
538 3190 65 29 LLC

679 3305 132 52 Camp
826 3307 43 38 in
886 3303 70 43 the
969 3304 181 55 comfort
1172 3304 54 55 of

269 3759 75 35 Use
358 3754 76 39 this
449 3754 60 38 Ad
523 3760 40 32 to
579 3756 144 35 receive
738 3765 20 25 a
774 3753 71 40 $10
861 3752 180 39 discount
1056 3765 67 38 per
1138 3753 122 51 night!

154 3814 52 28 For
215 3811 83 30 cabin
309 3809 186 30 information
505 3817 34 20 or
548 3809 186 37 registration,
744 3809 64 28 visit
818 3816 54 21 our
881 3807 115 30 website
1006 3813 27 27 @
1042 3807 343 40 berrycreekcabins.com

596 3861 30 17 or
638 3853 48 25 call
700 3853 75 29 (485)
788 3854 145 24 730-4395.

1761 3273 7 36 ;
1982 3266 6 34 i

1985 3410 48 24 It's
2050 3412 53 22 not
2117 3413 55 22 out
2186 3411 32 23 in
2235 3411 52 24 the
2302 3418 91 25 open,
2409 3412 52 24 but

1976 3454 486 87 GRIEF

2185 3583 92 58 I*
2303 3583 87 59 11j
2412 3583 93 60 it
2525 3583 113 59 JcLi.

1551 3684 30 29 J,
1629 3680 10 15 V
1641 3675 104 44 jtiVv4%
1755 3674 29 42 %,
1797 3674 2 45 :
1998 3682 45 19 out
2094 3679 14 22 3
2121 3679 100 29 college
2233 3680 120 23 students
2365 3681 173 29 experienced
2550 3680 44 24 the

1478 3706 183 47 jlv
1674 3706 9 19 *
1753 3706 3 47 '
1818 3722 13 11 '
1971 3713 86 23 illness
2069 3721 28 15 or
2110 3713 52 23 loss
2175 3714 27 23 of
2214 3723 13 14 a
2240 3714 85 32 family
2338 3716 120 23 member
2470 3724 29 15 or
2511 3716 71 23 close

1479 3752 12 28 if
1499 3759 10 15 *
1521 3758 16 11 *
1568 3747 6 12 '
1626 3759 24 14 *'
1970 3747 81 24 friend
2064 3749 21 22 in
2096 3748 45 24 the
2153 3749 45 23 last
2209 3758 63 22 year.
2285 3751 50 23 Talk
2348 3751 81 23 about
2440 3751 50 23 loss
2501 3752 49 22 and
2564 3752 57 29 help

1970 3791 62 22 your
2044 3783 97 24 friends
2153 3785 22 22 in
2188 3785 68 22 need
2270 3785 32 30 by
2313 3787 108 29 starting
2434 3795 13 14 a
2460 3787 119 23 National

1970 3818 127 23 Students
2108 3818 28 23 of
2147 3821 66 21 AMF
2226 3821 113 29 Support
2352 3822 121 23 Network
2486 3822 113 29 Chapter

1970 3857 26 19 at
2006 3862 64 22 your
2081 3854 95 24 school.

1940 3900 7 23 t
