2864 4317
1703 610 74 22 sound
1802 610 125 22 ridiculous
1951 614 102 24 onstage.
2078 610 95 22 Theatre

1703 651 44 19 arts
1761 648 76 22 senior
1849 648 73 21 Adam
1935 647 89 23 Alonso
2037 648 48 22 said
2099 648 45 22 that
2159 648 14 22 it

1703 693 48 14 was
1763 685 87 28 helpful
1862 689 23 18 to
1897 692 38 15 see
1948 685 34 22 his
1994 686 52 28 play
2058 685 65 22 acted
2134 689 39 18 out

1704 723 22 22 in
1736 723 60 22 front
1805 723 28 22 of
1840 723 54 22 him.

1807 761 92 28 hearing
1911 761 36 22 the
1960 761 51 28 play
2024 761 129 29 performed
2166 761 6 21 1

1704 805 47 15 was
1763 798 51 22 able
1828 803 23 17 to
1863 798 52 29 pick
1928 803 39 17 out
1980 805 63 15 areas
2055 799 45 21 that
2115 803 58 17 went

1704 837 141 27 beautifully,
1853 837 43 22 and
1904 837 64 22 other
1976 841 59 24 parts
2043 837 28 22 of
2076 837 36 22 the
2121 837 52 27 play

1704 875 45 22 that
1768 875 56 21 need
1843 878 23 19 to
1884 875 27 21 be
2085 875 89 21 Alonso

1704 913 48 21 said
1763 912 21 22 in
1794 919 27 15 an
1830 912 87 22 e-mail.
1968 919 47 15 was
2024 919 14 15 a
2046 912 127 22 wonderful

1702 950 144 29 experience,
1869 950 44 22 and
1936 950 40 22 has
1999 950 69 28 really
2092 949 82 29 helped

1703 995 37 15 me
1753 995 64 21 grow
1830 995 25 15 as
1868 995 13 15 a
1895 987 77 23 writer.
1987 988 47 22 The
2048 991 73 19 actors
2135 987 39 22 did

1702 1033 13 15 a
1732 1025 127 23 wonderful
1873 1025 50 29 job,
1939 1024 44 23 and
2000 1026 77 29 taught
2094 1032 37 15 me
2148 1032 26 15 so

1702 1063 69 23 much
1781 1064 69 22 about
1860 1070 37 22 my

1745 1102 67 22 Since
1825 1105 74 19 actors
1911 1102 54 28 only
1978 1102 43 22 had
2033 1109 13 15 a
2058 1102 46 22 few
2116 1102 57 27 days

1702 1144 23 18 to
1736 1146 101 22 prepare,
1850 1146 67 22 many
1929 1140 52 22 read
1992 1146 57 16 over
2059 1140 36 22 the
2108 1140 65 28 plays

1702 1185 11 15 a
1729 1178 44 23 few
1787 1178 75 24 times,
1876 1178 113 29 practiced
2004 1178 53 22 with
2072 1181 100 26 partners

1701 1216 44 22 and
1775 1216 70 22 asked
1876 1216 147 29 playwrights
2053 1215 119 30 questions

1701 1254 67 22 about
1779 1254 52 21 how
1840 1256 25 20 to
1874 1257 88 25 portray
1972 1253 127 22 characters
2110 1253 56 22 best.

1743 1291 70 29 Khiry
1847 1291 128 25 Armstead,
2009 1291 85 22 theatre
2127 1295 45 17 arts

1699 1329 124 25 freshman,
1856 1329 67 22 noted
1955 1329 45 22 that
2033 1329 62 22 since
2127 1328 44 22 this

1700 1374 46 15 was
1766 1367 36 22 the
1823 1367 46 22 first
1888 1367 54 22 time
1961 1367 37 22 the
2018 1367 86 22 writers
2123 1373 48 16 saw

1699 1405 58 22 their
1783 1405 127 22 characters
1938 1409 103 24 onstage,
2071 1405 100 28 meeting

1700 1444 53 21 with
1780 1443 148 29 playwrights
1956 1443 139 22 beforehand
2123 1449 48 15 was

1700 1488 125 21 necessary.

1797 1518 67 22 order
1882 1522 23 19 to
1923 1518 99 29 perform
2042 1518 36 22 the
2097 1518 74 29 plays,

1700 1563 34 15 we
1748 1556 86 22 needed
1849 1556 85 22 trained
2059 1556 112 28 Bigucnet

1699 1594 56 22 said.
1923 1594 110 21 Gendusa
2050 1601 48 14 was
2116 1600 54 22 very

1699 1638 112 22 generous
1827 1632 43 22 and
1885 1632 109 28 accepted
2010 1636 23 18 to
2047 1632 70 22 direct
2133 1632 37 22 the

1700 1676 112 22 program,
1828 1670 64 24 (and)
1908 1669 119 23 Professor
2041 1670 65 22 Marx
2123 1676 48 15 was

1700 1715 53 22 very
1760 1708 74 28 happy
1842 1711 23 18 to
1872 1707 107 29 integrate
1986 1707 47 26 (the
2040 1707 130 29 promotion

1699 1745 27 22 of
1734 1746 36 21 the
1780 1745 63 29 play)
1854 1745 47 22 into
1911 1745 39 22 her

1742 1783 87 22 Marx's
1836 1783 102 22 students
1944 1783 89 22 created
2044 1783 26 22 17
2076 1783 94 28 designs

1699 1821 45 22 that
1776 1827 58 16 were
1865 1820 116 22 exhibited
2011 1821 90 21 outside
2133 1820 36 22 the

1697 1863 106 17 entrance
1812 1858 28 22 of
1847 1858 127 29 Marquette
1983 1858 95 22 Theatre
2088 1858 36 22 for
2133 1858 36 22 the

1698 1896 129 29 promotion
1839 1896 28 22 of
1875 1897 37 22 the
1924 1897 71 27 plays.
2007 1897 48 22 The
2067 1896 101 28 winning

1697 1935 81 28 design
1792 1934 27 22 of
1830 1941 13 15 a
1856 1934 92 22 caution
1962 1934 59 29 sign,
2034 1934 90 22 created
2139 1934 28 29 by

1698 1972 92 29 graphic
1802 1975 44 19 arts
1856 1972 77 28 junior
1945 1972 46 21 Phil
2006 1972 103 24 Dodson,
2121 1979 47 15 was

1697 2009 120 29 displayed
1827 2010 85 21 around
1923 2016 101 22 campus.

2258 1573 93 28 Placing
2369 1579 12 15 a
2398 1573 93 21 caution
2509 1572 50 29 sign
2579 1572 74 22 where
2673 1572 13 22 it

2214 1611 57 21 does
2285 1614 38 18 not
2337 1610 84 29 belong
2435 1610 46 22 will
2495 1610 61 22 draw
2570 1610 116 24 attention,

2215 1648 75 22 which
2309 1655 48 15 was
2375 1648 37 22 the
2431 1647 51 29 goal
2502 1647 27 22 of
2545 1647 35 22 his
2598 1648 88 28 design.

2215 1686 96 22 Dodson
2350 1686 57 25 said,
2445 1685 85 29 adding
2540 1696 5 5 •
2568 1685 46 22 that
2652 1685 34 22 his

2214 1723 81 29 design
2310 1723 168 29 complements
2493 1723 37 22 the
2546 1723 50 22 idea
2610 1723 28 22 of
2651 1723 35 22 the

2219 1762 123 22 10-minute
2358 1762 64 28 plays
2436 1762 44 22 and
2493 1762 57 22 does
2565 1765 38 19 not
2617 1765 69 24 target

2213 1806 45 16 one
2268 1799 94 29 specific
2372 1803 42 19 act.

2255 1837 48 22 The
2318 1837 65 29 plays
2398 1844 37 16 are
2549 1840 78 21 sweet,
2642 1837 43 22 and

2213 1875 93 29 straight
2326 1879 22 18 to
2369 1875 36 22 the
2425 1875 70 29 point.
2516 1875 47 22 Just
2585 1875 44 22 like
2650 1875 36 22 the

2296 1913 96 21 Dodson
2403 1913 55 22 said.

2223 1987 95 19 Precious
2327 1987 47 19 Esie
2382 1993 38 13 can
2430 1987 23 19 be
2463 1987 86 19 reached
2558 1989 19 17 at
2585 1987 89 25 piesie@

2394 2020 109 25 loyno.edu

2351 1302 55 18 ELLE
2415 1302 112 18 MALONEY
2536 1301 9 20 /
2553 1301 63 19 Photo
2624 1302 62 18 editor

2217 1337 124 26 Theater
2353 1336 150 27 freshmen
2519 1336 119 26 Andrew

2217 1379 80 25 Gude
2309 1380 56 24 and
2380 1379 106 25 Rachel
2499 1378 144 26 Christian

2217 1420 127 32 perform
2357 1421 119 26 theater
2486 1420 93 32 junior
2593 1421 89 25 Ethan

2217 1463 221 26 Labourdette's

2217 1505 186 31 Wednesday,
2417 1505 66 25 Dec.
2496 1505 27 25 9.

244 322 42 49 A
305 320 111 53 look
432 323 55 52 at
505 325 269 62 upcoming
793 323 163 53 music
971 322 133 51 from
1119 320 92 51 the
1231 319 178 63 Loyola
1426 318 166 52 crowd

238 453 125 39 Loyola
387 454 188 40 University
599 457 147 29 students
770 454 120 38 Ingrid

195 503 196 34 Anderson,
459 514 85 22 mass
610 505 280 31 communication

195 554 119 33 senior,
349 556 61 29 and
444 556 109 30 Devin
587 557 163 37 Morgan,
786 555 104 30 music

196 604 145 39 industry
377 606 151 30 business
559 607 121 38 junior,
714 606 67 29 will
818 606 72 28 host

194 654 108 31 Giant
322 655 171 40 Octopus:
516 657 95 36 Beer,
632 656 126 35 Music,
778 656 75 33 Art,
874 663 17 21 a

195 705 90 39 night
306 706 38 29 of
364 707 64 30 live
452 707 115 35 music,
590 707 85 30 local
698 707 109 29 artists
829 705 61 29 and

194 756 67 30 free
279 757 76 30 beer
370 757 124 39 Friday,
512 759 78 28 Dec.
613 758 35 28 18
665 762 30 24 at
712 757 17 28 7
747 765 76 30 p.m.
841 755 51 29 for

194 806 75 32 $12.

236 857 308 39 Caddywhompus
614 857 61 30 and
747 856 143 29 Maddie

195 907 162 32 Ruthless
399 918 52 20 are
495 917 119 28 among
656 908 52 29 the
752 906 137 30 musical

194 959 254 37 performances.

237 1010 170 29 Anderson
439 1010 61 28 and
532 1008 104 30 visual
669 1013 63 24 arts
763 1008 127 29 seniors

194 1058 110 30 Sarah
324 1060 137 29 Brewer
480 1060 60 29 and
560 1060 109 28 Becca
688 1058 132 30 Parker
838 1067 52 21 are

194 1119 117 29 among
334 1110 52 29 the
410 1110 124 39 Loyola
557 1110 146 29 students
726 1109 74 29 who
822 1108 66 29 will

194 1160 81 29 have
298 1160 82 30 their
402 1166 45 24 art
469 1160 172 38 displayed
664 1160 62 29 and
748 1159 52 29 for
822 1159 68 29 sale

194 1210 114 38 Friday
325 1211 151 37 evening.

234 1261 67 29 The
331 1266 95 25 event
457 1261 26 30 is
513 1270 84 29 open
628 1266 32 25 to
690 1269 128 29 anyone
854 1260 35 29 18

194 1311 60 29 and
281 1311 92 30 older
398 1312 61 29 and
486 1312 66 29 will
580 1312 38 29 be
645 1311 74 30 held
746 1315 30 26 at
802 1310 87 30 3610

192 1361 163 30 Toulouse
367 1362 45 29 St.
426 1362 127 30 located
566 1371 76 21 near
651 1362 52 30 the
713 1361 175 30 American

192 1412 69 29 Can
277 1412 171 38 Company
466 1417 30 24 at
513 1413 51 28 the
581 1413 61 28 end
659 1412 38 29 of
712 1413 112 37 Bayou
843 1411 44 30 St.

192 1463 93 28 John.

233 1563 77 29 Jazz
331 1563 132 33 Master,
485 1563 110 30 David
618 1563 121 35 Baker,
760 1563 66 29 will
849 1563 38 29 be

192 1613 200 38 conducting
408 1623 17 19 a
440 1613 67 30 free
523 1613 141 38 evening
679 1613 38 30 of
729 1612 158 31 classical

193 1662 109 31 music
324 1663 69 30 and
411 1663 79 38 jazz
511 1664 158 38 Tuesday,
692 1664 78 29 Dec.
800 1664 35 29 15
858 1668 30 25 at

193 1713 77 31 7:30
305 1723 76 28 p.m.
418 1714 30 29 in
484 1714 138 30 Roussel
659 1713 228 31 Performance

193 1764 85 30 Hall.

235 1815 114 33 Baker,
371 1815 73 29 who
464 1815 163 38 currently
648 1823 110 21 serves
780 1823 33 21 as
835 1815 51 29 the

192 1865 90 29 chair
302 1865 39 29 of
359 1865 52 29 the
431 1865 74 38 jazz
527 1865 124 29 studies
673 1866 213 37 department,

193 1916 66 28 will
274 1916 39 29 be
327 1916 161 38 directing
503 1916 51 29 the
568 1916 201 29 Thelonious
785 1916 101 29 Monk

193 1966 148 29 Institute
349 1966 39 29 of
393 1966 77 29 Jazz
480 1966 186 32 Ensemble,
676 1966 52 29 the
738 1966 151 29 NOCCA

934 454 77 29 Jazz
1021 452 147 36 Quintet,
1179 451 53 29 the
1244 451 125 38 Loyola
1380 451 107 38 String
1498 451 134 36 Quartet

935 503 62 30 and
1014 502 157 38 Loyola's
1186 502 77 29 Jazz
1281 502 100 28 Band.

979 552 105 30 Baker
1106 552 56 29 has
1184 552 152 29 received
1359 552 124 30 several
1507 552 124 30 awards

935 603 198 38 throughout
1166 602 50 30 his
1249 612 111 20 career
1392 603 167 38 including
1592 613 38 20 an

936 654 114 37 Emmy
1080 653 126 33 Award,
1238 653 53 30 the
1324 654 157 37 Kennedy
1513 654 120 29 Center

935 704 52 30 for
1030 704 52 29 the
1128 704 203 38 Performing
1374 705 74 29 Arts

934 755 77 29 Jazz
1052 755 132 37 Legend
1400 754 51 30 for
1492 754 139 30 lifetime

935 806 227 28 achievement
1229 806 62 28 and
1358 806 52 28 the
1478 805 152 29 National

936 856 211 29 Association
1165 856 38 28 of
1216 856 76 28 Jazz
1310 856 177 28 Educators
1506 855 73 29 Hall
1597 855 38 29 of

935 906 96 29 Fame
1045 906 127 29 Award.

977 1008 27 29 A
1025 1007 125 38 Loyola
1172 1007 169 38 post-rock
1365 1006 111 39 frenzy
1500 1006 66 30 will
1589 1016 42 29 go

934 1058 95 29 down
1051 1063 30 24 at
1100 1058 66 29 The
1188 1058 162 38 Dragon's
1371 1058 70 29 Den
1463 1058 167 38 Saturday,

935 1109 79 29 Dec.
1038 1108 46 30 12.
1104 1108 100 30 Good
1222 1108 73 38 Day
1312 1108 56 30 for
1383 1117 44 21 an
1443 1108 186 33 Airstrike,

934 1159 202 38 comprising
1175 1159 199 38 philosophy
1409 1159 112 38 junior
1559 1159 69 29 Ben

934 1209 168 33 Gieseler,
1139 1209 103 29 music
1277 1209 151 30 business
1464 1209 164 30 freshman

934 1259 83 30 Alex
1051 1259 133 34 Talbot,
1219 1260 61 29 and
1315 1259 103 30 music
1453 1259 175 30 industries

934 1310 151 30 business
1124 1309 165 30 freshman
1329 1310 111 29 Adam
1481 1310 147 33 Bucher,

934 1360 67 30 will
1018 1361 38 29 be
1074 1360 133 38 playing
1223 1360 83 30 their
1321 1360 145 30 farewell
1484 1361 98 29 show.

975 1411 153 38 Opening
1167 1410 51 31 for
1255 1411 97 30 Good
1391 1411 69 38 Day
1500 1411 51 30 for
1589 1420 38 21 an

934 1461 160 30 Airstrike
1109 1470 52 21 are
1177 1462 79 29 New
1271 1462 138 29 Orleans
1425 1462 99 29 based
1539 1466 71 34 post-

933 1512 77 29 rock
1033 1512 102 29 bands
1158 1511 91 38 High
1272 1512 38 29 In
1333 1512 76 29 One
1431 1512 79 37 Eye,
1535 1512 92 29 made

933 1572 41 29 up
997 1562 38 30 of
1056 1562 105 29 music
1184 1563 221 38 composition
1430 1563 197 38 sophomore

932 1612 151 30 Andrew
1129 1612 140 38 Landry
1315 1613 61 29 and
1421 1612 205 39 psychology

933 1663 197 38 sophomore
1151 1662 95 31 Evan
1267 1662 219 37 Cvitanovic,
1506 1663 61 29 and
1602 1663 28 29 A

932 1714 118 37 Living
1067 1713 215 30 Soundtrack.

974 1765 108 29 Doors
1098 1773 85 29 open
1199 1769 31 25 at
1246 1764 19 30 9
1282 1773 89 29 p.m.,
1387 1764 62 29 and
1466 1764 53 30 the
1536 1764 90 29 show

932 1820 95 24 starts
1045 1819 30 25 at
1099 1815 36 29 10
1153 1823 75 29 p.m.
1247 1814 130 30 Tickets
1396 1823 52 21 are
1467 1812 39 34 $5
1526 1819 31 25 at
1575 1815 51 29 the

931 1865 91 34 door,
1046 1874 37 20 or
1106 1865 93 38 bring
1223 1874 16 20 a
1265 1865 167 29 Delaware
1459 1865 108 29 Punch
1591 1873 37 21 or

931 1916 123 38 receipt
1069 1915 83 29 from
1168 1924 16 20 a
1199 1920 108 24 recent
1322 1915 82 29 meal
1420 1920 30 24 at
1465 1915 160 38 Popeye's

931 1971 32 24 to
979 1971 54 32 get
1050 1966 29 28 in
1096 1966 52 29 for
1163 1964 52 34 $4.

1320 146 45 21 the
1378 140 152 29 Maroon

166 187 116 29 FRIDAY,
296 188 173 27 DECEMBER
481 191 27 28 11,
520 191 83 26 2009

2582 177 109 25 7

1709 240 300 81 PLAYS:
2026 240 337 83 Student
2392 243 291 78 writers

1707 402 163 54 met
1899 373 193 83 with
2124 372 498 111 playwrights

1784 525 139 28 Continued
1933 526 63 27 from
2006 532 66 26 page
2082 526 17 27 5

1419 2153 2 46 \
1451 2153 34 31 m
1838 2153 115 32 war
2018 2154 63 45 32
2650 2153 36 46 ■

215 2386 215 1397 DC
1418 2362 6 104 i

2083 2447 49 16 *~
2530 2469 7 9 ■

1809 2493 29 44 ?

2322 2526 363 70 WJK^^^m

1478 2906 139 108 Will
1647 2933 139 105 you
1816 2909 95 105 be
1938 2933 136 85 our
2104 2909 295 129 Missing
2436 2909 247 105 Piece?

1504 3117 70 35 The
1589 3118 144 35 Maroon
1749 3118 28 35 is
1790 3117 109 46 hiring
1915 3119 39 34 its
1970 3119 83 35 staff
2064 3119 52 35 for
2130 3120 54 35 the
2200 3120 113 45 spring
2329 3127 170 29 semester.

1505 3173 234 45 Applications
1755 3183 53 25 are
1822 3174 65 31 due
1903 3183 86 26 now.

1505 3285 57 35 We
1578 3295 52 24 are
1645 3284 109 46 hiring
1769 3284 52 35 for
1834 3285 43 35 ail
1892 3285 239 45 departments,
2145 3286 184 46 including:

1510 3432 24 26 •
1556 3421 184 49 Editors
2057 3432 24 27 •
2099 3422 73 49 Ad
2192 3424 137 49 sales

1510 3504 24 25 •
1554 3492 186 49 Writers
2057 3505 24 26 •
2099 3495 73 47 Ad
2192 3495 176 61 design

1510 3575 24 27 •
1554 3563 298 51 Columnists
2057 3578 24 25 •
2103 3566 350 63 Management

1508 3646 24 27 •
1556 3636 392 61 Photographers
2057 3649 24 26 •
2103 3639 303 49 Distribution

1661 3852 100 30 Please
1773 3857 66 34 stop
1850 3853 38 39 by
1900 3862 54 23 our
1964 3854 90 31 office
2068 3854 28 31 in
2107 3856 125 30 CMMN
2247 3856 55 30 328
2316 3862 30 24 to
2357 3857 94 38 apply.

1758 3900 26 30 If
1793 3908 58 31 you
1864 3901 73 31 have
1950 3910 55 30 any
2017 3903 161 38 questions,
2189 3903 98 39 please
2299 3904 55 30 call

1799 3949 87 30 Chris
1897 3950 139 39 Jennings
2048 3956 27 24 at
2087 3951 224 31 504-865-3535
