<?xml version="1.0" encoding="UTF-8"?>
<alto xmlns:xsi="http://www.w3.org/2001/XMLSchema-instance" xsi:noNamespaceSchemaLocation="http://schema.ccs-gmbh.com/metae/alto-1-2.xsd" xmlns:xlink="http://www.w3.org/TR/xlink">
	<Description>
		<MeasurementUnit>mm10</MeasurementUnit>
		<sourceImageInformation>
			<fileName>//docstorage2/impdata3/IN/Loyola_10-018/Maroon_2009_2012/0100.tif</fileName>
		</sourceImageInformation>
		<OCRProcessing ID="OCRPROCESSING_1">
			<preProcessingStep>
				<processingSoftware>
					<softwareCreator>CCS Content Conversion Specialists GmbH, Germany</softwareCreator>
					<softwareName>CCS docWORKS</softwareName>
					<softwareVersion>6.5-1.31</softwareVersion>
				</processingSoftware>
			</preProcessingStep>
			<ocrProcessingStep>
				<processingSoftware>
					<softwareCreator>ABBYY (BIT Software), Russia</softwareCreator>
					<softwareName>NA</softwareName>
				</processingSoftware>
			</ocrProcessingStep>
		</OCRProcessing>
		<OCRProcessing ID="OCRPROCESSING_2">
			<preProcessingStep>
				<processingSoftware>
					<softwareCreator>CCS Content Conversion Specialists GmbH, Germany</softwareCreator>
					<softwareName>CCS docWORKS</softwareName>
					<softwareVersion>6.5-1.31</softwareVersion>
				</processingSoftware>
			</preProcessingStep>
			<ocrProcessingStep>
				<processingSoftware>
					<softwareCreator>ABBYY (BIT Software), Russia</softwareCreator>
					<softwareName>FineReader</softwareName>
					<softwareVersion>10.0</softwareVersion>
				</processingSoftware>
			</ocrProcessingStep>
		</OCRProcessing>
	</Description>
	<Styles>
		<TextStyle ID="TXT_0" FONTSIZE="10" FONTFAMILY="Times New Roman"/>
		<ParagraphStyle ID="PAR_LEFT" ALIGN="Left"/>
		<ParagraphStyle ID="PAR_BLOCK" ALIGN="Block"/>
		<ParagraphStyle ID="PAR_CENTER" ALIGN="Center"/>
		<ParagraphStyle ID="PAR_RIGHT" ALIGN="Right"/>
	</Styles>
	<Layout>
		<Page ID="P5" PHYSICAL_IMG_NR="5" HEIGHT="4317" WIDTH="2928" PRINTED_IMG_NR="5" PC="0.953">
			<TopMargin ID="P5_TM00001" HPOS="0" VPOS="0" WIDTH="2928" HEIGHT="75"/>
			<LeftMargin ID="P5_LM00001" HPOS="0" VPOS="75" WIDTH="147" HEIGHT="4071"/>
			<RightMargin ID="P5_RM00001" HPOS="2688" VPOS="75" WIDTH="240" HEIGHT="4071"/>
			<BottomMargin ID="P5_BM00001" HPOS="0" VPOS="4146" WIDTH="2928" HEIGHT="171"/>
			<PrintSpace ID="P5_PS00001" HPOS="147" VPOS="75" WIDTH="2541" HEIGHT="4071">
				<TextBlock ID="P5_TB00001" HPOS="705" VPOS="75" WIDTH="1317" HEIGHT="283" STYLEREFS="TXT_0 PAR_LEFT">
					<TextLine ID="P5_TL00001" HPOS="705" VPOS="150" WIDTH="1197" HEIGHT="208">
						<String ID="P5_ST00001" HPOS="705" VPOS="150" WIDTH="476" HEIGHT="208" CONTENT="Life" WC="0.98" CC="0000"/>
						<SP ID="P5_SP00001" HPOS="1181" VPOS="358" WIDTH="120"/>
						<String ID="P5_ST00002" HPOS="1301" VPOS="150" WIDTH="601" HEIGHT="208" CONTENT="times" WC="0.98" CC="00000"/>
					</TextLine>
				</TextBlock>
				<TextBlock ID="P5_TB00002" HPOS="705" VPOS="357" WIDTH="1316" HEIGHT="74" STYLEREFS="TXT_0 PAR_LEFT">
					<TextLine ID="P5_TL00002" HPOS="862" VPOS="357" WIDTH="751" HEIGHT="49">
						<String ID="P5_ST00003" HPOS="862" VPOS="357" WIDTH="148" HEIGHT="48" CONTENT="fjfilm" WC="0.52" CC="860570"/>
						<SP ID="P5_SP00002" HPOS="1010" VPOS="405" WIDTH="21"/>
						<String ID="P5_ST00004" HPOS="1031" VPOS="379" WIDTH="18" HEIGHT="17" CONTENT="•" WC="0.42" CC="5"/>
						<SP ID="P5_SP00003" HPOS="1049" VPOS="405" WIDTH="19"/>
						<String ID="P5_ST00005" HPOS="1068" VPOS="379" WIDTH="51" HEIGHT="27" CONTENT="ar" WC="0.27" CC="68"/>
						<SP ID="P5_SP00004" HPOS="1119" VPOS="406" WIDTH="256"/>
						<String ID="P5_ST00006" HPOS="1375" VPOS="377" WIDTH="18" HEIGHT="17" CONTENT="*" WC="0.35" CC="6"/>
						<SP ID="P5_SP00005" HPOS="1393" VPOS="406" WIDTH="21"/>
						<String ID="P5_ST00007" HPOS="1414" VPOS="368" WIDTH="134" HEIGHT="36" CONTENT="music" WC="0.97" CC="66075"/>
						<SP ID="P5_SP00006" HPOS="1548" VPOS="406" WIDTH="21"/>
						<String ID="P5_ST00008" HPOS="1569" VPOS="376" WIDTH="16" HEIGHT="18" CONTENT="•" WC="0.55" CC="4"/>
						<SP ID="P5_SP00007" HPOS="1585" VPOS="406" WIDTH="21"/>
						<String ID="P5_ST00009" HPOS="1606" VPOS="369" WIDTH="7" HEIGHT="34" CONTENT="I" WC="0.50" CC="4"/>
					</TextLine>
				</TextBlock>
				<TextBlock ID="P5_TB00003" HPOS="164" VPOS="568" WIDTH="462" HEIGHT="368" STYLEREFS="TXT_0 PAR_LEFT">
					<TextLine ID="P5_TL00003" HPOS="165" VPOS="571" WIDTH="461" HEIGHT="105">
						<String ID="P5_ST00010" HPOS="165" VPOS="571" WIDTH="324" HEIGHT="105" CONTENT="Hipsters" WC="0.99" CC="04550044"/>
						<SP ID="P5_SP00008" HPOS="489" VPOS="676" WIDTH="25"/>
						<String ID="P5_ST00011" HPOS="514" VPOS="598" WIDTH="112" HEIGHT="51" CONTENT="are" WC="0.94" CC="672"/>
					</TextLine>
					<TextLine ID="P5_TL00004" HPOS="210" VPOS="721" WIDTH="369" HEIGHT="85">
						<String ID="P5_ST00012" HPOS="210" VPOS="726" WIDTH="101" HEIGHT="51" CONTENT="no" WC="1.00" CC="00"/>
						<SP ID="P5_SP00009" HPOS="311" VPOS="777" WIDTH="26"/>
						<String ID="P5_ST00013" HPOS="337" VPOS="721" WIDTH="242" HEIGHT="85" CONTENT="agents" WC="0.99" CC="650000"/>
					</TextLine>
					<TextLine ID="P5_TL00005" HPOS="206" VPOS="825" WIDTH="376" HEIGHT="110">
						<String ID="P5_ST00014" HPOS="206" VPOS="825" WIDTH="92" HEIGHT="81" CONTENT="of" WC="0.71" CC="05"/>
						<SP ID="P5_SP00010" HPOS="298" VPOS="906" WIDTH="10"/>
						<String ID="P5_ST00015" HPOS="308" VPOS="825" WIDTH="274" HEIGHT="110" CONTENT="change" WC="0.99" CC="070030"/>
					</TextLine>
				</TextBlock>
				<TextBlock ID="P5_TB00004" HPOS="222" VPOS="432" WIDTH="342" HEIGHT="77" STYLEREFS="TXT_0 PAR_LEFT">
					<TextLine ID="P5_TL00006" HPOS="225" VPOS="432" WIDTH="338" HEIGHT="32">
						<String ID="P5_ST00016" HPOS="225" VPOS="432" WIDTH="148" HEIGHT="32" CONTENT="JONAS" WC="0.99" CC="70000"/>
						<SP ID="P5_SP00011" HPOS="373" VPOS="464" WIDTH="17"/>
						<String ID="P5_ST00017" HPOS="390" VPOS="433" WIDTH="173" HEIGHT="31" CONTENT="GRIFFIN" WC="1.00" CC="0002010"/>
					</TextLine>
					<TextLine ID="P5_TL00007" HPOS="265" VPOS="481" WIDTH="259" HEIGHT="25">
						<String ID="P5_ST00018" HPOS="265" VPOS="481" WIDTH="41" HEIGHT="24" CONTENT="All" WC="0.98" CC="500"/>
						<SP ID="P5_SP00012" HPOS="306" VPOS="505" WIDTH="11"/>
						<String ID="P5_ST00019" HPOS="317" VPOS="482" WIDTH="63" HEIGHT="24" CONTENT="That" WC="1.00" CC="0000"/>
						<SP ID="P5_SP00013" HPOS="380" VPOS="506" WIDTH="12"/>
						<String ID="P5_ST00020" HPOS="392" VPOS="483" WIDTH="22" HEIGHT="23" CONTENT="Is" WC="1.00" CC="00"/>
						<SP ID="P5_SP00014" HPOS="414" VPOS="506" WIDTH="9"/>
						<String ID="P5_ST00021" HPOS="423" VPOS="482" WIDTH="101" HEIGHT="24" CONTENT="Absurd" WC="1.00" CC="004000"/>
					</TextLine>
				</TextBlock>
				<TextBlock ID="P5_TB00005" HPOS="147" VPOS="982" WIDTH="479" HEIGHT="3164" STYLEREFS="TXT_0 PAR_BLOCK">
					<TextLine ID="P5_TL00008" HPOS="199" VPOS="982" WIDTH="427" HEIGHT="29">
						<String ID="P5_ST00022" HPOS="199" VPOS="982" WIDTH="36" HEIGHT="22" CONTENT="On" WC="1.00" CC="00"/>
						<SP ID="P5_SP00015" HPOS="235" VPOS="1004" WIDTH="21"/>
						<String ID="P5_ST00023" HPOS="256" VPOS="986" WIDTH="57" HEIGHT="18" CONTENT="most" WC="0.98" CC="0630"/>
						<SP ID="P5_SP00016" HPOS="313" VPOS="1004" WIDTH="20"/>
						<String ID="P5_ST00024" HPOS="333" VPOS="982" WIDTH="105" HEIGHT="29" CONTENT="Saturday" WC="1.00" CC="20000200"/>
						<SP ID="P5_SP00017" HPOS="438" VPOS="1011" WIDTH="20"/>
						<String ID="P5_ST00025" HPOS="458" VPOS="982" WIDTH="72" HEIGHT="29" CONTENT="nights" WC="0.99" CC="001230"/>
						<SP ID="P5_SP00018" HPOS="530" VPOS="1011" WIDTH="22"/>
						<String ID="P5_ST00026" HPOS="552" VPOS="982" WIDTH="19" HEIGHT="22" CONTENT="in" WC="0.46" CC="36"/>
						<SP ID="P5_SP00019" HPOS="571" VPOS="1011" WIDTH="21"/>
						<String ID="P5_ST00027" HPOS="592" VPOS="982" WIDTH="34" HEIGHT="22" CONTENT="the" WC="0.96" CC="090"/>
					</TextLine>
					<TextLine ID="P5_TL00009" HPOS="159" VPOS="1019" WIDTH="467" HEIGHT="29">
						<String ID="P5_ST00028" HPOS="159" VPOS="1020" WIDTH="105" HEIGHT="28" CONTENT="Bywater," WC="0.98" CC="00100000"/>
						<SP ID="P5_SP00020" HPOS="264" VPOS="1048" WIDTH="8"/>
						<String ID="P5_ST00029" HPOS="272" VPOS="1020" WIDTH="47" HEIGHT="22" CONTENT="The" WC="0.99" CC="200"/>
						<SP ID="P5_SP00021" HPOS="319" VPOS="1048" WIDTH="9"/>
						<String ID="P5_ST00030" HPOS="328" VPOS="1020" WIDTH="76" HEIGHT="22" CONTENT="Saturn" WC="1.00" CC="020000"/>
						<SP ID="P5_SP00022" HPOS="404" VPOS="1048" WIDTH="11"/>
						<String ID="P5_ST00031" HPOS="415" VPOS="1020" WIDTH="42" HEIGHT="21" CONTENT="Bar" WC="1.00" CC="000"/>
						<SP ID="P5_SP00023" HPOS="457" VPOS="1048" WIDTH="8"/>
						<String ID="P5_ST00032" HPOS="465" VPOS="1026" WIDTH="28" HEIGHT="15" CONTENT="on" WC="0.88" CC="20"/>
						<SP ID="P5_SP00024" HPOS="493" VPOS="1048" WIDTH="10"/>
						<String ID="P5_ST00033" HPOS="503" VPOS="1020" WIDTH="30" HEIGHT="21" CONTENT="St." WC="0.97" CC="070"/>
						<SP ID="P5_SP00025" HPOS="533" VPOS="1048" WIDTH="9"/>
						<String ID="P5_ST00034" HPOS="542" VPOS="1019" WIDTH="84" HEIGHT="22" CONTENT="Claude" WC="1.00" CC="100000"/>
					</TextLine>
					<TextLine ID="P5_TL00010" HPOS="158" VPOS="1057" WIDTH="468" HEIGHT="29">
						<String ID="P5_ST00035" HPOS="158" VPOS="1058" WIDTH="90" HEIGHT="21" CONTENT="Avenue" WC="0.99" CC="800000"/>
						<SP ID="P5_SP00026" HPOS="248" VPOS="1079" WIDTH="8"/>
						<String ID="P5_ST00036" HPOS="256" VPOS="1057" WIDTH="74" HEIGHT="22" CONTENT="swells" WC="0.99" CC="950000"/>
						<SP ID="P5_SP00027" HPOS="330" VPOS="1079" WIDTH="7"/>
						<String ID="P5_ST00037" HPOS="337" VPOS="1058" WIDTH="42" HEIGHT="21" CONTENT="and" WC="0.98" CC="230"/>
						<SP ID="P5_SP00028" HPOS="379" VPOS="1079" WIDTH="8"/>
						<String ID="P5_ST00038" HPOS="387" VPOS="1057" WIDTH="88" HEIGHT="29" CONTENT="thumps" WC="1.00" CC="000100"/>
						<SP ID="P5_SP00029" HPOS="475" VPOS="1086" WIDTH="8"/>
						<String ID="P5_ST00039" HPOS="483" VPOS="1057" WIDTH="52" HEIGHT="22" CONTENT="with" WC="1.00" CC="0000"/>
						<SP ID="P5_SP00030" HPOS="535" VPOS="1086" WIDTH="7"/>
						<String ID="P5_ST00040" HPOS="542" VPOS="1064" WIDTH="84" HEIGHT="21" CONTENT="grungy" WC="0.90" CC="600000"/>
					</TextLine>
					<TextLine ID="P5_TL00011" HPOS="157" VPOS="1095" WIDTH="469" HEIGHT="29">
						<String ID="P5_ST00041" HPOS="157" VPOS="1095" WIDTH="86" HEIGHT="23" CONTENT="mid-20" WC="0.99" CC="900000"/>
						<SP ID="P5_SP00031" HPOS="243" VPOS="1118" WIDTH="30"/>
						<String ID="P5_ST00042" HPOS="273" VPOS="1102" WIDTH="53" HEIGHT="22" CONTENT="year" WC="0.98" CC="0090"/>
						<SP ID="P5_SP00032" HPOS="326" VPOS="1124" WIDTH="28"/>
						<String ID="P5_ST00043" HPOS="354" VPOS="1096" WIDTH="57" HEIGHT="25" CONTENT="olds;" WC="0.99" CC="20020"/>
						<SP ID="P5_SP00033" HPOS="411" VPOS="1124" WIDTH="31"/>
						<String ID="P5_ST00044" HPOS="442" VPOS="1095" WIDTH="97" HEIGHT="23" CONTENT="students" WC="0.99" CC="90000400"/>
						<SP ID="P5_SP00034" HPOS="539" VPOS="1124" WIDTH="30"/>
						<String ID="P5_ST00045" HPOS="569" VPOS="1095" WIDTH="57" HEIGHT="23" CONTENT="from" WC="0.99" CC="0050"/>
					</TextLine>
					<TextLine ID="P5_TL00012" HPOS="158" VPOS="1133" WIDTH="468" HEIGHT="29">
						<String ID="P5_ST00046" HPOS="158" VPOS="1133" WIDTH="95" HEIGHT="29" CONTENT="Uptown" WC="0.99" CC="403000"/>
						<SP ID="P5_SP00035" HPOS="253" VPOS="1162" WIDTH="7"/>
						<String ID="P5_ST00047" HPOS="260" VPOS="1133" WIDTH="65" HEIGHT="29" CONTENT="jump" WC="0.98" CC="0510"/>
						<SP ID="P5_SP00036" HPOS="325" VPOS="1162" WIDTH="9"/>
						<String ID="P5_ST00048" HPOS="334" VPOS="1137" WIDTH="36" HEIGHT="19" CONTENT="out" WC="1.00" CC="000"/>
						<SP ID="P5_SP00037" HPOS="370" VPOS="1162" WIDTH="10"/>
						<String ID="P5_ST00049" HPOS="380" VPOS="1133" WIDTH="27" HEIGHT="23" CONTENT="of" WC="0.55" CC="44"/>
						<SP ID="P5_SP00038" HPOS="407" VPOS="1162" WIDTH="7"/>
						<String ID="P5_ST00050" HPOS="414" VPOS="1133" WIDTH="104" HEIGHT="29" CONTENT="clunking" WC="0.99" CC="00240007"/>
						<SP ID="P5_SP00039" HPOS="518" VPOS="1162" WIDTH="9"/>
						<String ID="P5_ST00051" HPOS="527" VPOS="1133" WIDTH="99" HEIGHT="23" CONTENT="Cadillac" WC="0.99" CC="01005204"/>
					</TextLine>
					<TextLine ID="P5_TL00013" HPOS="156" VPOS="1171" WIDTH="470" HEIGHT="29">
						<String ID="P5_ST00052" HPOS="156" VPOS="1171" WIDTH="60" HEIGHT="24" CONTENT="cabs;" WC="0.99" CC="60000"/>
						<SP ID="P5_SP00040" HPOS="216" VPOS="1195" WIDTH="10"/>
						<String ID="P5_ST00053" HPOS="226" VPOS="1179" WIDTH="12" HEIGHT="14" CONTENT="a" WC="0.34" CC="6"/>
						<SP ID="P5_SP00041" HPOS="238" VPOS="1195" WIDTH="9"/>
						<String ID="P5_ST00054" HPOS="247" VPOS="1171" WIDTH="79" HEIGHT="29" CONTENT="parade" WC="1.00" CC="001000"/>
						<SP ID="P5_SP00042" HPOS="326" VPOS="1200" WIDTH="8"/>
						<String ID="P5_ST00055" HPOS="334" VPOS="1171" WIDTH="26" HEIGHT="23" CONTENT="of" WC="0.81" CC="30"/>
						<SP ID="P5_SP00043" HPOS="360" VPOS="1200" WIDTH="6"/>
						<String ID="P5_ST00056" HPOS="366" VPOS="1171" WIDTH="49" HEIGHT="23" CONTENT="kids" WC="0.99" CC="3000"/>
						<SP ID="P5_SP00044" HPOS="415" VPOS="1200" WIDTH="10"/>
						<String ID="P5_ST00057" HPOS="425" VPOS="1171" WIDTH="20" HEIGHT="22" CONTENT="in" WC="0.75" CC="40"/>
						<SP ID="P5_SP00045" HPOS="445" VPOS="1200" WIDTH="10"/>
						<String ID="P5_ST00058" HPOS="455" VPOS="1178" WIDTH="60" HEIGHT="15" CONTENT="worn" WC="0.99" CC="0500"/>
						<SP ID="P5_SP00046" HPOS="515" VPOS="1200" WIDTH="9"/>
						<String ID="P5_ST00059" HPOS="524" VPOS="1171" WIDTH="102" HEIGHT="22" CONTENT="sneakers" WC="1.00" CC="02000000"/>
					</TextLine>
					<TextLine ID="P5_TL00014" HPOS="157" VPOS="1208" WIDTH="469" HEIGHT="30">
						<String ID="P5_ST00060" HPOS="157" VPOS="1208" WIDTH="51" HEIGHT="23" CONTENT="with" WC="0.99" CC="0006"/>
						<SP ID="P5_SP00047" HPOS="208" VPOS="1231" WIDTH="13"/>
						<String ID="P5_ST00061" HPOS="221" VPOS="1209" WIDTH="110" HEIGHT="29" CONTENT="patterned" WC="1.00" CC="000600300"/>
						<SP ID="P5_SP00048" HPOS="331" VPOS="1238" WIDTH="12"/>
						<String ID="P5_ST00062" HPOS="343" VPOS="1209" WIDTH="72" HEIGHT="25" CONTENT="socks," WC="0.99" CC="340000"/>
						<SP ID="P5_SP00049" HPOS="415" VPOS="1238" WIDTH="13"/>
						<String ID="P5_ST00063" HPOS="428" VPOS="1209" WIDTH="69" HEIGHT="22" CONTENT="soiled" WC="1.00" CC="030000"/>
						<SP ID="P5_SP00050" HPOS="497" VPOS="1238" WIDTH="13"/>
						<String ID="P5_ST00064" HPOS="510" VPOS="1212" WIDTH="62" HEIGHT="26" CONTENT="pants" WC="1.00" CC="01100"/>
						<SP ID="P5_SP00051" HPOS="572" VPOS="1238" WIDTH="12"/>
						<String ID="P5_ST00065" HPOS="584" VPOS="1209" WIDTH="42" HEIGHT="22" CONTENT="and" WC="0.99" CC="020"/>
					</TextLine>
					<TextLine ID="P5_TL00015" HPOS="157" VPOS="1246" WIDTH="469" HEIGHT="29">
						<String ID="P5_ST00066" HPOS="157" VPOS="1246" WIDTH="67" HEIGHT="23" CONTENT="ironic" WC="0.99" CC="004004"/>
						<SP ID="P5_SP00052" HPOS="224" VPOS="1269" WIDTH="12"/>
						<String ID="P5_ST00067" HPOS="236" VPOS="1247" WIDTH="66" HEIGHT="22" CONTENT="holed" WC="1.00" CC="01000"/>
						<SP ID="P5_SP00053" HPOS="302" VPOS="1269" WIDTH="9"/>
						<String ID="P5_ST00068" HPOS="311" VPOS="1247" WIDTH="90" HEIGHT="22" CONTENT="T-shirts" WC="1.00" CC="00021030"/>
						<SP ID="P5_SP00054" HPOS="401" VPOS="1269" WIDTH="11"/>
						<String ID="P5_ST00069" HPOS="412" VPOS="1247" WIDTH="96" HEIGHT="22" CONTENT="descend" WC="1.00" CC="0000040"/>
						<SP ID="P5_SP00055" HPOS="508" VPOS="1269" WIDTH="11"/>
						<String ID="P5_ST00070" HPOS="519" VPOS="1254" WIDTH="28" HEIGHT="15" CONTENT="on" WC="0.87" CC="20"/>
						<SP ID="P5_SP00056" HPOS="547" VPOS="1269" WIDTH="12"/>
						<String ID="P5_ST00071" HPOS="559" VPOS="1251" WIDTH="67" HEIGHT="24" CONTENT="trusty" WC="0.98" CC="000808"/>
					</TextLine>
					<TextLine ID="P5_TL00016" HPOS="156" VPOS="1284" WIDTH="129" HEIGHT="22">
						<String ID="P5_ST00072" HPOS="156" VPOS="1284" WIDTH="52" HEIGHT="22" CONTENT="road" WC="0.97" CC="8600"/>
						<SP ID="P5_SP00057" HPOS="208" VPOS="1306" WIDTH="9"/>
						<String ID="P5_ST00073" HPOS="217" VPOS="1284" WIDTH="68" HEIGHT="22" CONTENT="bikes." WC="1.00" CC="040000"/>
					</TextLine>
					<TextLine ID="P5_TL00017" HPOS="198" VPOS="1322" WIDTH="428" HEIGHT="29">
						<String ID="P5_ST00074" HPOS="198" VPOS="1322" WIDTH="36" HEIGHT="22" CONTENT="On" WC="1.00" CC="00"/>
						<SP ID="P5_SP00058" HPOS="234" VPOS="1344" WIDTH="19"/>
						<String ID="P5_ST00075" HPOS="253" VPOS="1329" WIDTH="117" HEIGHT="22" CONTENT="campuses" WC="1.00" CC="00000600"/>
						<SP ID="P5_SP00059" HPOS="370" VPOS="1351" WIDTH="18"/>
						<String ID="P5_ST00076" HPOS="388" VPOS="1322" WIDTH="42" HEIGHT="23" CONTENT="and" WC="1.00" CC="000"/>
						<SP ID="P5_SP00060" HPOS="430" VPOS="1351" WIDTH="21"/>
						<String ID="P5_ST00077" HPOS="451" VPOS="1322" WIDTH="20" HEIGHT="23" CONTENT="in" WC="0.70" CC="50"/>
						<SP ID="P5_SP00061" HPOS="471" VPOS="1351" WIDTH="19"/>
						<String ID="P5_ST00078" HPOS="490" VPOS="1322" WIDTH="67" HEIGHT="26" CONTENT="cafes," WC="0.99" CC="000024"/>
						<SP ID="P5_SP00062" HPOS="557" VPOS="1351" WIDTH="20"/>
						<String ID="P5_ST00079" HPOS="577" VPOS="1322" WIDTH="49" HEIGHT="23" CONTENT="kids" WC="0.99" CC="0003"/>
					</TextLine>
					<TextLine ID="P5_TL00018" HPOS="157" VPOS="1360" WIDTH="468" HEIGHT="29">
						<String ID="P5_ST00080" HPOS="157" VPOS="1360" WIDTH="82" HEIGHT="29" CONTENT="inquire" WC="0.98" CC="0664030"/>
						<SP ID="P5_SP00063" HPOS="239" VPOS="1389" WIDTH="13"/>
						<String ID="P5_ST00081" HPOS="252" VPOS="1360" WIDTH="26" HEIGHT="23" CONTENT="of" WC="0.71" CC="50"/>
						<SP ID="P5_SP00064" HPOS="278" VPOS="1389" WIDTH="10"/>
						<String ID="P5_ST00082" HPOS="288" VPOS="1361" WIDTH="54" HEIGHT="22" CONTENT="each" WC="0.99" CC="0040"/>
						<SP ID="P5_SP00065" HPOS="342" VPOS="1389" WIDTH="12"/>
						<String ID="P5_ST00083" HPOS="354" VPOS="1361" WIDTH="67" HEIGHT="23" CONTENT="other." WC="1.00" CC="000005"/>
						<SP ID="P5_SP00066" HPOS="421" VPOS="1389" WIDTH="13"/>
						<String ID="P5_ST00084" HPOS="434" VPOS="1361" WIDTH="87" HEIGHT="28" CONTENT='"Going' WC="1.00" CC="600000"/>
						<SP ID="P5_SP00067" HPOS="521" VPOS="1389" WIDTH="14"/>
						<String ID="P5_ST00085" HPOS="535" VPOS="1364" WIDTH="22" HEIGHT="19" CONTENT="to" WC="0.77" CC="04"/>
						<SP ID="P5_SP00068" HPOS="557" VPOS="1389" WIDTH="13"/>
						<String ID="P5_ST00086" HPOS="570" VPOS="1361" WIDTH="55" HEIGHT="22" CONTENT="Mod" WC="0.97" CC="350"/>
					</TextLine>
					<TextLine ID="P5_TL00019" HPOS="156" VPOS="1398" WIDTH="469" HEIGHT="29">
						<String ID="P5_ST00087" HPOS="156" VPOS="1398" WIDTH="59" HEIGHT="29" CONTENT="night" WC="0.99" CC="00901"/>
						<SP ID="P5_SP00069" HPOS="215" VPOS="1427" WIDTH="17"/>
						<String ID="P5_ST00088" HPOS="232" VPOS="1398" WIDTH="132" HEIGHT="29" CONTENT='Saturday?"' WC="1.00" CC="0000001005"/>
						<SP ID="P5_SP00070" HPOS="364" VPOS="1427" WIDTH="13"/>
						<String ID="P5_ST00089" HPOS="377" VPOS="1399" WIDTH="46" HEIGHT="22" CONTENT="The" WC="1.00" CC="000"/>
						<SP ID="P5_SP00071" HPOS="423" VPOS="1427" WIDTH="15"/>
						<String ID="P5_ST00090" HPOS="438" VPOS="1398" WIDTH="93" HEIGHT="22" CONTENT="allusion" WC="1.00" CC="00000000"/>
						<SP ID="P5_SP00072" HPOS="531" VPOS="1427" WIDTH="15"/>
						<String ID="P5_ST00091" HPOS="546" VPOS="1401" WIDTH="23" HEIGHT="20" CONTENT="to" WC="0.84" CC="20"/>
						<SP ID="P5_SP00073" HPOS="569" VPOS="1427" WIDTH="15"/>
						<String ID="P5_ST00092" HPOS="584" VPOS="1398" WIDTH="41" HEIGHT="22" CONTENT="this" WC="1.00" CC="0010"/>
					</TextLine>
					<TextLine ID="P5_TL00020" HPOS="160" VPOS="1435" WIDTH="465" HEIGHT="25">
						<String ID="P5_ST00093" HPOS="160" VPOS="1436" WIDTH="66" HEIGHT="22" CONTENT="1960s" WC="0.97" CC="17940"/>
						<SP ID="P5_SP00074" HPOS="226" VPOS="1458" WIDTH="17"/>
						<String ID="P5_ST00094" HPOS="243" VPOS="1436" WIDTH="78" HEIGHT="22" CONTENT="British" WC="1.00" CC="1003000"/>
						<SP ID="P5_SP00075" HPOS="321" VPOS="1458" WIDTH="17"/>
						<String ID="P5_ST00095" HPOS="338" VPOS="1436" WIDTH="131" HEIGHT="24" CONTENT="subculture," WC="1.00" CC="43000070001"/>
						<SP ID="P5_SP00076" HPOS="469" VPOS="1460" WIDTH="15"/>
						<String ID="P5_ST00096" HPOS="484" VPOS="1443" WIDTH="27" HEIGHT="15" CONTENT="an" WC="1.00" CC="00"/>
						<SP ID="P5_SP00077" HPOS="511" VPOS="1460" WIDTH="15"/>
						<String ID="P5_ST00097" HPOS="526" VPOS="1435" WIDTH="99" HEIGHT="23" CONTENT="offshoot" WC="0.99" CC="05002060"/>
					</TextLine>
					<TextLine ID="P5_TL00021" HPOS="154" VPOS="1473" WIDTH="470" HEIGHT="25">
						<String ID="P5_ST00098" HPOS="154" VPOS="1473" WIDTH="28" HEIGHT="22" CONTENT="of" WC="0.73" CC="50"/>
						<SP ID="P5_SP00078" HPOS="182" VPOS="1495" WIDTH="11"/>
						<String ID="P5_ST00099" HPOS="193" VPOS="1474" WIDTH="35" HEIGHT="22" CONTENT="the" WC="0.97" CC="006"/>
						<SP ID="P5_SP00079" HPOS="228" VPOS="1496" WIDTH="15"/>
						<String ID="P5_ST00100" HPOS="243" VPOS="1474" WIDTH="86" HEIGHT="22" CONTENT="beatnik" WC="0.99" CC="0300006"/>
						<SP ID="P5_SP00080" HPOS="329" VPOS="1496" WIDTH="15"/>
						<String ID="P5_ST00101" HPOS="344" VPOS="1477" WIDTH="134" HEIGHT="21" CONTENT="movement," WC="1.00" CC="040005020"/>
						<SP ID="P5_SP00081" HPOS="478" VPOS="1498" WIDTH="15"/>
						<String ID="P5_ST00102" HPOS="493" VPOS="1473" WIDTH="17" HEIGHT="23" CONTENT="is" WC="0.84" CC="30"/>
						<SP ID="P5_SP00082" HPOS="510" VPOS="1498" WIDTH="15"/>
						<String ID="P5_ST00103" HPOS="525" VPOS="1473" WIDTH="21" HEIGHT="22" CONTENT="in" WC="0.83" CC="03"/>
						<SP ID="P5_SP00083" HPOS="546" VPOS="1498" WIDTH="15"/>
						<String ID="P5_ST00104" HPOS="561" VPOS="1480" WIDTH="63" HEIGHT="15" CONTENT="name" WC="0.99" CC="0006"/>
					</TextLine>
					<TextLine ID="P5_TL00022" HPOS="154" VPOS="1511" WIDTH="57" HEIGHT="29">
						<String ID="P5_ST00105" HPOS="154" VPOS="1511" WIDTH="57" HEIGHT="29" CONTENT="only." WC="1.00" CC="00300"/>
					</TextLine>
					<TextLine ID="P5_TL00023" HPOS="196" VPOS="1549" WIDTH="428" HEIGHT="29">
						<String ID="P5_ST00106" HPOS="196" VPOS="1549" WIDTH="47" HEIGHT="22" CONTENT="The" WC="0.96" CC="035"/>
						<SP ID="P5_SP00084" HPOS="243" VPOS="1571" WIDTH="24"/>
						<String ID="P5_ST00107" HPOS="267" VPOS="1549" WIDTH="70" HEIGHT="22" CONTENT="music" WC="0.98" CC="75000"/>
						<SP ID="P5_SP00085" HPOS="337" VPOS="1571" WIDTH="24"/>
						<String ID="P5_ST00108" HPOS="361" VPOS="1549" WIDTH="27" HEIGHT="22" CONTENT="of" WC="1.00" CC="00"/>
						<SP ID="P5_SP00086" HPOS="388" VPOS="1571" WIDTH="21"/>
						<String ID="P5_ST00109" HPOS="409" VPOS="1549" WIDTH="35" HEIGHT="22" CONTENT="the" WC="0.98" CC="050"/>
						<SP ID="P5_SP00087" HPOS="444" VPOS="1571" WIDTH="25"/>
						<String ID="P5_ST00110" HPOS="469" VPOS="1549" WIDTH="55" HEIGHT="22" CONTENT="Mod" WC="0.95" CC="490"/>
						<SP ID="P5_SP00088" HPOS="524" VPOS="1571" WIDTH="25"/>
						<String ID="P5_ST00111" HPOS="549" VPOS="1549" WIDTH="75" HEIGHT="29" CONTENT="period" WC="1.00" CC="000000"/>
					</TextLine>
					<TextLine ID="P5_TL00024" HPOS="155" VPOS="1587" WIDTH="469" HEIGHT="25">
						<String ID="P5_ST00112" HPOS="155" VPOS="1587" WIDTH="120" HEIGHT="25" CONTENT="(Jamaican" WC="0.99" CC="330005307"/>
						<SP ID="P5_SP00089" HPOS="275" VPOS="1612" WIDTH="9"/>
						<String ID="P5_ST00113" HPOS="284" VPOS="1587" WIDTH="51" HEIGHT="24" CONTENT="Ska," WC="1.00" CC="0000"/>
						<SP ID="P5_SP00090" HPOS="335" VPOS="1612" WIDTH="7"/>
						<String ID="P5_ST00114" HPOS="342" VPOS="1587" WIDTH="218" HEIGHT="23" CONTENT="African-American" WC="1.00" CC="0004004000400002"/>
						<SP ID="P5_SP00091" HPOS="560" VPOS="1612" WIDTH="8"/>
						<String ID="P5_ST00115" HPOS="568" VPOS="1587" WIDTH="56" HEIGHT="23" CONTENT="soul," WC="0.99" CC="06200"/>
					</TextLine>
					<TextLine ID="P5_TL00025" HPOS="154" VPOS="1625" WIDTH="470" HEIGHT="25">
						<String ID="P5_ST00116" HPOS="154" VPOS="1626" WIDTH="51" HEIGHT="24" CONTENT="etc.)" WC="0.99" CC="50200"/>
						<SP ID="P5_SP00092" HPOS="205" VPOS="1650" WIDTH="10"/>
						<String ID="P5_ST00117" HPOS="215" VPOS="1632" WIDTH="66" HEIGHT="15" CONTENT="never" WC="1.00" CC="00000"/>
						<SP ID="P5_SP00093" HPOS="281" VPOS="1650" WIDTH="7"/>
						<String ID="P5_ST00118" HPOS="288" VPOS="1625" WIDTH="106" HEIGHT="22" CONTENT="resounds" WC="0.99" CC="83000000"/>
						<SP ID="P5_SP00094" HPOS="394" VPOS="1650" WIDTH="10"/>
						<String ID="P5_ST00119" HPOS="404" VPOS="1625" WIDTH="20" HEIGHT="22" CONTENT="in" WC="0.77" CC="40"/>
						<SP ID="P5_SP00095" HPOS="424" VPOS="1650" WIDTH="9"/>
						<String ID="P5_ST00120" HPOS="433" VPOS="1625" WIDTH="36" HEIGHT="22" CONTENT="the" WC="1.00" CC="000"/>
						<SP ID="P5_SP00096" HPOS="469" VPOS="1650" WIDTH="8"/>
						<String ID="P5_ST00121" HPOS="477" VPOS="1625" WIDTH="80" HEIGHT="22" CONTENT="rafters." WC="0.99" CC="57000000"/>
						<SP ID="P5_SP00097" HPOS="557" VPOS="1650" WIDTH="11"/>
						<String ID="P5_ST00122" HPOS="568" VPOS="1625" WIDTH="56" HEIGHT="22" CONTENT="Mod" WC="1.00" CC="000"/>
					</TextLine>
					<TextLine ID="P5_TL00026" HPOS="155" VPOS="1662" WIDTH="469" HEIGHT="30">
						<String ID="P5_ST00123" HPOS="155" VPOS="1663" WIDTH="49" HEIGHT="22" CONTENT="kids" WC="1.00" CC="0000"/>
						<SP ID="P5_SP00098" HPOS="204" VPOS="1685" WIDTH="11"/>
						<String ID="P5_ST00124" HPOS="215" VPOS="1662" WIDTH="59" HEIGHT="23" CONTENT="filled" WC="0.99" CC="220100"/>
						<SP ID="P5_SP00099" HPOS="274" VPOS="1685" WIDTH="10"/>
						<String ID="P5_ST00125" HPOS="284" VPOS="1662" WIDTH="74" HEIGHT="23" CONTENT="coffee" WC="0.99" CC="006502"/>
						<SP ID="P5_SP00100" HPOS="358" VPOS="1685" WIDTH="11"/>
						<String ID="P5_ST00126" HPOS="369" VPOS="1663" WIDTH="79" HEIGHT="22" CONTENT="houses" WC="1.00" CC="200020"/>
						<SP ID="P5_SP00101" HPOS="448" VPOS="1685" WIDTH="11"/>
						<String ID="P5_ST00127" HPOS="459" VPOS="1662" WIDTH="54" HEIGHT="23" CONTENT="after" WC="0.99" CC="00050"/>
						<SP ID="P5_SP00102" HPOS="513" VPOS="1685" WIDTH="10"/>
						<String ID="P5_ST00128" HPOS="523" VPOS="1663" WIDTH="34" HEIGHT="21" CONTENT="the" WC="0.99" CC="010"/>
						<SP ID="P5_SP00103" HPOS="557" VPOS="1685" WIDTH="11"/>
						<String ID="P5_ST00129" HPOS="568" VPOS="1663" WIDTH="56" HEIGHT="29" CONTENT="pubs" WC="1.00" CC="0020"/>
					</TextLine>
					<TextLine ID="P5_TL00027" HPOS="154" VPOS="1700" WIDTH="470" HEIGHT="22">
						<String ID="P5_ST00130" HPOS="154" VPOS="1700" WIDTH="43" HEIGHT="22" CONTENT="had" WC="1.00" CC="000"/>
						<SP ID="P5_SP00104" HPOS="197" VPOS="1722" WIDTH="11"/>
						<String ID="P5_ST00131" HPOS="208" VPOS="1700" WIDTH="76" HEIGHT="22" CONTENT="closed" WC="0.99" CC="019000"/>
						<SP ID="P5_SP00105" HPOS="284" VPOS="1722" WIDTH="13"/>
						<String ID="P5_ST00132" HPOS="297" VPOS="1704" WIDTH="22" HEIGHT="18" CONTENT="to" WC="1.00" CC="00"/>
						<SP ID="P5_SP00106" HPOS="319" VPOS="1722" WIDTH="12"/>
						<String ID="P5_ST00133" HPOS="331" VPOS="1700" WIDTH="62" HEIGHT="22" CONTENT="listen" WC="0.99" CC="009002"/>
						<SP ID="P5_SP00107" HPOS="393" VPOS="1722" WIDTH="13"/>
						<String ID="P5_ST00134" HPOS="406" VPOS="1704" WIDTH="23" HEIGHT="18" CONTENT="to" WC="0.69" CC="23"/>
						<SP ID="P5_SP00108" HPOS="429" VPOS="1722" WIDTH="12"/>
						<String ID="P5_ST00135" HPOS="441" VPOS="1700" WIDTH="86" HEIGHT="22" CONTENT="records" WC="0.99" CC="8041000"/>
						<SP ID="P5_SP00109" HPOS="527" VPOS="1722" WIDTH="12"/>
						<String ID="P5_ST00136" HPOS="539" VPOS="1700" WIDTH="26" HEIGHT="22" CONTENT="of" WC="0.68" CC="06"/>
						<SP ID="P5_SP00110" HPOS="565" VPOS="1722" WIDTH="10"/>
						<String ID="P5_ST00137" HPOS="575" VPOS="1707" WIDTH="49" HEIGHT="15" CONTENT="new" WC="0.98" CC="400"/>
					</TextLine>
					<TextLine ID="P5_TL00028" HPOS="154" VPOS="1737" WIDTH="469" HEIGHT="29">
						<String ID="P5_ST00138" HPOS="154" VPOS="1738" WIDTH="64" HEIGHT="22" CONTENT="kinds" WC="1.00" CC="00000"/>
						<SP ID="P5_SP00111" HPOS="218" VPOS="1760" WIDTH="16"/>
						<String ID="P5_ST00139" HPOS="234" VPOS="1737" WIDTH="27" HEIGHT="23" CONTENT="of" WC="0.64" CC="33"/>
						<SP ID="P5_SP00112" HPOS="261" VPOS="1760" WIDTH="15"/>
						<String ID="P5_ST00140" HPOS="276" VPOS="1738" WIDTH="69" HEIGHT="22" CONTENT="music" WC="1.00" CC="02000"/>
						<SP ID="P5_SP00113" HPOS="345" VPOS="1760" WIDTH="17"/>
						<String ID="P5_ST00141" HPOS="362" VPOS="1745" WIDTH="24" HEIGHT="15" CONTENT="or" WC="0.71" CC="50"/>
						<SP ID="P5_SP00114" HPOS="386" VPOS="1760" WIDTH="16"/>
						<String ID="P5_ST00142" HPOS="402" VPOS="1742" WIDTH="23" HEIGHT="18" CONTENT="to" WC="0.50" CC="45"/>
						<SP ID="P5_SP00115" HPOS="425" VPOS="1760" WIDTH="16"/>
						<String ID="P5_ST00143" HPOS="441" VPOS="1738" WIDTH="70" HEIGHT="22" CONTENT="watch" WC="0.98" CC="90070"/>
						<SP ID="P5_SP00116" HPOS="511" VPOS="1760" WIDTH="17"/>
						<String ID="P5_ST00144" HPOS="528" VPOS="1737" WIDTH="95" HEIGHT="29" CONTENT="political" WC="0.99" CC="091014004"/>
					</TextLine>
					<TextLine ID="P5_TL00029" HPOS="155" VPOS="1775" WIDTH="148" HEIGHT="22">
						<String ID="P5_ST00145" HPOS="155" VPOS="1775" WIDTH="73" HEIGHT="22" CONTENT="Italian" WC="0.99" CC="0006603"/>
						<SP ID="P5_SP00117" HPOS="228" VPOS="1797" WIDTH="11"/>
						<String ID="P5_ST00146" HPOS="239" VPOS="1775" WIDTH="64" HEIGHT="22" CONTENT="films." WC="0.98" CC="707090"/>
					</TextLine>
					<TextLine ID="P5_TL00030" HPOS="197" VPOS="1814" WIDTH="427" HEIGHT="28">
						<String ID="P5_ST00147" HPOS="197" VPOS="1814" WIDTH="28" HEIGHT="22" CONTENT="At" WC="1.00" CC="00"/>
						<SP ID="P5_SP00118" HPOS="225" VPOS="1836" WIDTH="17"/>
						<String ID="P5_ST00148" HPOS="242" VPOS="1814" WIDTH="54" HEIGHT="22" CONTENT="their" WC="0.99" CC="00022"/>
						<SP ID="P5_SP00119" HPOS="296" VPOS="1836" WIDTH="15"/>
						<String ID="P5_ST00149" HPOS="311" VPOS="1814" WIDTH="75" HEIGHT="28" CONTENT="prime," WC="1.00" CC="000005"/>
						<SP ID="P5_SP00120" HPOS="386" VPOS="1842" WIDTH="17"/>
						<String ID="P5_ST00150" HPOS="403" VPOS="1814" WIDTH="61" HEIGHT="22" CONTENT="these" WC="0.99" CC="02003"/>
						<SP ID="P5_SP00121" HPOS="464" VPOS="1842" WIDTH="15"/>
						<String ID="P5_ST00151" HPOS="479" VPOS="1814" WIDTH="145" HEIGHT="22" CONTENT="descendants" WC="1.00" CC="00070007030"/>
					</TextLine>
					<TextLine ID="P5_TL00031" HPOS="153" VPOS="1851" WIDTH="471" HEIGHT="25">
						<String ID="P5_ST00152" HPOS="153" VPOS="1852" WIDTH="27" HEIGHT="22" CONTENT="of" WC="0.90" CC="02"/>
						<SP ID="P5_SP00122" HPOS="180" VPOS="1874" WIDTH="17"/>
						<String ID="P5_ST00153" HPOS="197" VPOS="1852" WIDTH="170" HEIGHT="22" CONTENT="Existentialism" WC="1.00" CC="24001404360500"/>
						<SP ID="P5_SP00123" HPOS="367" VPOS="1874" WIDTH="19"/>
						<String ID="P5_ST00154" HPOS="386" VPOS="1858" WIDTH="57" HEIGHT="16" CONTENT="were" WC="0.99" CC="0003"/>
						<SP ID="P5_SP00124" HPOS="443" VPOS="1874" WIDTH="20"/>
						<String ID="P5_ST00155" HPOS="463" VPOS="1852" WIDTH="66" HEIGHT="22" CONTENT="about" WC="1.00" CC="01000"/>
						<SP ID="P5_SP00125" HPOS="529" VPOS="1874" WIDTH="19"/>
						<String ID="P5_ST00156" HPOS="548" VPOS="1851" WIDTH="76" HEIGHT="25" CONTENT="social," WC="0.99" CC="0350430"/>
					</TextLine>
					<TextLine ID="P5_TL00032" HPOS="154" VPOS="1889" WIDTH="469" HEIGHT="29">
						<String ID="P5_ST00157" HPOS="154" VPOS="1889" WIDTH="94" HEIGHT="29" CONTENT="political" WC="0.99" CC="072400002"/>
						<SP ID="P5_SP00126" HPOS="248" VPOS="1918" WIDTH="22"/>
						<String ID="P5_ST00158" HPOS="270" VPOS="1890" WIDTH="42" HEIGHT="22" CONTENT="and" WC="1.00" CC="000"/>
						<SP ID="P5_SP00127" HPOS="312" VPOS="1918" WIDTH="20"/>
						<String ID="P5_ST00159" HPOS="332" VPOS="1889" WIDTH="117" HEIGHT="23" CONTENT="economic" WC="0.99" CC="20402044"/>
						<SP ID="P5_SP00128" HPOS="449" VPOS="1918" WIDTH="20"/>
						<String ID="P5_ST00160" HPOS="469" VPOS="1889" WIDTH="90" HEIGHT="29" CONTENT="change." WC="0.99" CC="4000700"/>
						<SP ID="P5_SP00129" HPOS="559" VPOS="1918" WIDTH="24"/>
						<String ID="P5_ST00161" HPOS="583" VPOS="1890" WIDTH="40" HEIGHT="21" CONTENT="But" WC="1.00" CC="000"/>
					</TextLine>
					<TextLine ID="P5_TL00033" HPOS="154" VPOS="1927" WIDTH="469" HEIGHT="29">
						<String ID="P5_ST00162" HPOS="154" VPOS="1927" WIDTH="60" HEIGHT="22" CONTENT="these" WC="1.00" CC="02000"/>
						<SP ID="P5_SP00130" HPOS="214" VPOS="1949" WIDTH="9"/>
						<String ID="P5_ST00163" HPOS="223" VPOS="1934" WIDTH="75" HEIGHT="22" CONTENT="young" WC="1.00" CC="00000"/>
						<SP ID="P5_SP00131" HPOS="298" VPOS="1956" WIDTH="9"/>
						<String ID="P5_ST00164" HPOS="307" VPOS="1927" WIDTH="79" HEIGHT="29" CONTENT="people" WC="1.00" CC="000040"/>
						<SP ID="P5_SP00132" HPOS="386" VPOS="1956" WIDTH="13"/>
						<String ID="P5_ST00165" HPOS="399" VPOS="1941" WIDTH="23" HEIGHT="1" CONTENT="—" WC="0.20" CC="8"/>
						<SP ID="P5_SP00133" HPOS="422" VPOS="1956" WIDTH="13"/>
						<String ID="P5_ST00166" HPOS="435" VPOS="1927" WIDTH="91" HEIGHT="29" CONTENT="hipsters" WC="1.00" CC="00007000"/>
						<SP ID="P5_SP00134" HPOS="526" VPOS="1956" WIDTH="13"/>
						<String ID="P5_ST00167" HPOS="539" VPOS="1940" WIDTH="23" HEIGHT="2" CONTENT="—" WC="0.20" CC="8"/>
						<SP ID="P5_SP00135" HPOS="562" VPOS="1956" WIDTH="13"/>
						<String ID="P5_ST00168" HPOS="575" VPOS="1927" WIDTH="48" HEIGHT="22" CONTENT="lack" WC="0.98" CC="0052"/>
					</TextLine>
					<TextLine ID="P5_TL00034" HPOS="154" VPOS="1964" WIDTH="469" HEIGHT="23">
						<String ID="P5_ST00169" HPOS="154" VPOS="1965" WIDTH="34" HEIGHT="21" CONTENT="the" WC="0.98" CC="400"/>
						<SP ID="P5_SP00136" HPOS="188" VPOS="1986" WIDTH="14"/>
						<String ID="P5_ST00170" HPOS="202" VPOS="1965" WIDTH="124" HEIGHT="22" CONTENT="radicalism" WC="1.00" CC="3002501100"/>
						<SP ID="P5_SP00137" HPOS="326" VPOS="1987" WIDTH="11"/>
						<String ID="P5_ST00171" HPOS="337" VPOS="1965" WIDTH="27" HEIGHT="22" CONTENT="of" WC="0.78" CC="40"/>
						<SP ID="P5_SP00138" HPOS="364" VPOS="1987" WIDTH="11"/>
						<String ID="P5_ST00172" HPOS="375" VPOS="1965" WIDTH="55" HEIGHT="21" CONTENT="Mod" WC="1.00" CC="000"/>
						<SP ID="P5_SP00139" HPOS="430" VPOS="1987" WIDTH="14"/>
						<String ID="P5_ST00173" HPOS="444" VPOS="1964" WIDTH="123" HEIGHT="22" CONTENT="subculture" WC="0.99" CC="0367411099"/>
						<SP ID="P5_SP00140" HPOS="567" VPOS="1987" WIDTH="13"/>
						<String ID="P5_ST00174" HPOS="580" VPOS="1965" WIDTH="43" HEIGHT="21" CONTENT="and" WC="1.00" CC="000"/>
					</TextLine>
					<TextLine ID="P5_TL00035" HPOS="152" VPOS="2002" WIDTH="470" HEIGHT="29">
						<String ID="P5_ST00175" HPOS="152" VPOS="2009" WIDTH="57" HEIGHT="16" CONTENT="even" WC="1.00" CC="0000"/>
						<SP ID="P5_SP00141" HPOS="209" VPOS="2025" WIDTH="12"/>
						<String ID="P5_ST00176" HPOS="221" VPOS="2002" WIDTH="44" HEIGHT="22" CONTENT="that" WC="1.00" CC="0000"/>
						<SP ID="P5_SP00142" HPOS="265" VPOS="2025" WIDTH="11"/>
						<String ID="P5_ST00177" HPOS="276" VPOS="2002" WIDTH="27" HEIGHT="22" CONTENT="of" WC="0.81" CC="30"/>
						<SP ID="P5_SP00143" HPOS="303" VPOS="2025" WIDTH="11"/>
						<String ID="P5_ST00178" HPOS="314" VPOS="2002" WIDTH="34" HEIGHT="22" CONTENT="the" WC="1.00" CC="000"/>
						<SP ID="P5_SP00144" HPOS="348" VPOS="2025" WIDTH="12"/>
						<String ID="P5_ST00179" HPOS="360" VPOS="2002" WIDTH="117" HEIGHT="23" CONTENT="American" WC="1.00" CC="00003000"/>
						<SP ID="P5_SP00145" HPOS="477" VPOS="2025" WIDTH="14"/>
						<String ID="P5_ST00180" HPOS="491" VPOS="2002" WIDTH="66" HEIGHT="29" CONTENT="hippy" WC="1.00" CC="00000"/>
						<SP ID="P5_SP00146" HPOS="557" VPOS="2031" WIDTH="14"/>
						<String ID="P5_ST00181" HPOS="571" VPOS="2002" WIDTH="51" HEIGHT="22" CONTENT="with" WC="0.98" CC="0026"/>
					</TextLine>
					<TextLine ID="P5_TL00036" HPOS="154" VPOS="2040" WIDTH="432" HEIGHT="28">
						<String ID="P5_ST00182" HPOS="154" VPOS="2040" WIDTH="25" HEIGHT="22" CONTENT="its" WC="1.00" CC="100"/>
						<SP ID="P5_SP00147" HPOS="179" VPOS="2062" WIDTH="8"/>
						<String ID="P5_ST00183" HPOS="187" VPOS="2040" WIDTH="77" HEIGHT="22" CONTENT="efforts" WC="0.99" CC="0740020"/>
						<SP ID="P5_SP00148" HPOS="264" VPOS="2062" WIDTH="9"/>
						<String ID="P5_ST00184" HPOS="273" VPOS="2040" WIDTH="82" HEIGHT="22" CONTENT="toward" WC="0.99" CC="000060"/>
						<SP ID="P5_SP00149" HPOS="355" VPOS="2062" WIDTH="9"/>
						<String ID="P5_ST00185" HPOS="364" VPOS="2040" WIDTH="50" HEIGHT="22" CONTENT="civil" WC="0.99" CC="00050"/>
						<SP ID="P5_SP00150" HPOS="414" VPOS="2062" WIDTH="11"/>
						<String ID="P5_ST00186" HPOS="425" VPOS="2040" WIDTH="66" HEIGHT="28" CONTENT="rights" WC="1.00" CC="000040"/>
						<SP ID="P5_SP00151" HPOS="491" VPOS="2068" WIDTH="9"/>
						<String ID="P5_ST00187" HPOS="500" VPOS="2040" WIDTH="86" HEIGHT="22" CONTENT="reform." WC="0.98" CC="8304090"/>
					</TextLine>
					<TextLine ID="P5_TL00037" HPOS="194" VPOS="2078" WIDTH="430" HEIGHT="29">
						<String ID="P5_ST00188" HPOS="194" VPOS="2078" WIDTH="46" HEIGHT="23" CONTENT="The" WC="0.97" CC="044"/>
						<SP ID="P5_SP00152" HPOS="240" VPOS="2101" WIDTH="14"/>
						<String ID="P5_ST00189" HPOS="254" VPOS="2078" WIDTH="81" HEIGHT="29" CONTENT="hipster" WC="0.99" CC="1500400"/>
						<SP ID="P5_SP00153" HPOS="335" VPOS="2107" WIDTH="12"/>
						<String ID="P5_ST00190" HPOS="347" VPOS="2078" WIDTH="17" HEIGHT="22" CONTENT="is" WC="0.53" CC="09"/>
						<SP ID="P5_SP00154" HPOS="364" VPOS="2107" WIDTH="12"/>
						<String ID="P5_ST00191" HPOS="376" VPOS="2084" WIDTH="13" HEIGHT="16" CONTENT="a" WC="1.00" CC="0"/>
						<SP ID="P5_SP00155" HPOS="389" VPOS="2107" WIDTH="12"/>
						<String ID="P5_ST00192" HPOS="401" VPOS="2084" WIDTH="55" HEIGHT="23" CONTENT="poor" WC="0.99" CC="0050"/>
						<SP ID="P5_SP00156" HPOS="456" VPOS="2107" WIDTH="11"/>
						<String ID="P5_ST00193" HPOS="467" VPOS="2078" WIDTH="118" HEIGHT="22" CONTENT="derivative" WC="1.00" CC="0022000000"/>
						<SP ID="P5_SP00157" HPOS="585" VPOS="2107" WIDTH="13"/>
						<String ID="P5_ST00194" HPOS="598" VPOS="2078" WIDTH="26" HEIGHT="22" CONTENT="of" WC="0.86" CC="20"/>
					</TextLine>
					<TextLine ID="P5_TL00038" HPOS="153" VPOS="2116" WIDTH="469" HEIGHT="28">
						<String ID="P5_ST00195" HPOS="153" VPOS="2123" WIDTH="60" HEIGHT="15" CONTENT="more" WC="0.98" CC="0900"/>
						<SP ID="P5_SP00158" HPOS="213" VPOS="2138" WIDTH="20"/>
						<String ID="P5_ST00196" HPOS="233" VPOS="2116" WIDTH="65" HEIGHT="22" CONTENT="noble" WC="0.98" CC="08600"/>
						<SP ID="P5_SP00159" HPOS="298" VPOS="2138" WIDTH="20"/>
						<String ID="P5_ST00197" HPOS="318" VPOS="2116" WIDTH="160" HEIGHT="28" CONTENT="predecessors;" WC="1.00" CC="0850000000071"/>
						<SP ID="P5_SP00160" HPOS="478" VPOS="2144" WIDTH="19"/>
						<String ID="P5_ST00198" HPOS="497" VPOS="2123" WIDTH="13" HEIGHT="14" CONTENT="a" WC="0.78" CC="2"/>
						<SP ID="P5_SP00161" HPOS="510" VPOS="2144" WIDTH="19"/>
						<String ID="P5_ST00199" HPOS="529" VPOS="2116" WIDTH="93" HEIGHT="28" CONTENT="pathetic" WC="1.00" CC="00002005"/>
					</TextLine>
					<TextLine ID="P5_TL00039" HPOS="153" VPOS="2153" WIDTH="469" HEIGHT="29">
						<String ID="P5_ST00200" HPOS="153" VPOS="2153" WIDTH="150" HEIGHT="29" CONTENT="post-modem" WC="0.99" CC="0500009007"/>
						<SP ID="P5_SP00162" HPOS="303" VPOS="2182" WIDTH="16"/>
						<String ID="P5_ST00201" HPOS="319" VPOS="2153" WIDTH="79" HEIGHT="29" CONTENT="puddle" WC="1.00" CC="000020"/>
						<SP ID="P5_SP00163" HPOS="398" VPOS="2182" WIDTH="15"/>
						<String ID="P5_ST00202" HPOS="413" VPOS="2153" WIDTH="26" HEIGHT="22" CONTENT="of" WC="0.71" CC="05"/>
						<SP ID="P5_SP00164" HPOS="439" VPOS="2182" WIDTH="13"/>
						<String ID="P5_ST00203" HPOS="452" VPOS="2153" WIDTH="66" HEIGHT="22" CONTENT="failed" WC="0.99" CC="401500"/>
						<SP ID="P5_SP00165" HPOS="518" VPOS="2182" WIDTH="15"/>
						<String ID="P5_ST00204" HPOS="533" VPOS="2153" WIDTH="89" HEIGHT="28" CONTENT="identity" WC="0.99" CC="50040010"/>
					</TextLine>
					<TextLine ID="P5_TL00040" HPOS="153" VPOS="2190" WIDTH="470" HEIGHT="26">
						<String ID="P5_ST00205" HPOS="153" VPOS="2190" WIDTH="132" HEIGHT="26" CONTENT="realization;" WC="0.99" CC="628006130200"/>
						<SP ID="P5_SP00166" HPOS="285" VPOS="2216" WIDTH="27"/>
						<String ID="P5_ST00206" HPOS="312" VPOS="2190" WIDTH="97" HEIGHT="23" CONTENT="children" WC="0.99" CC="00000875"/>
						<SP ID="P5_SP00167" HPOS="409" VPOS="2216" WIDTH="28"/>
						<String ID="P5_ST00207" HPOS="437" VPOS="2190" WIDTH="51" HEIGHT="22" CONTENT="who" WC="1.00" CC="000"/>
						<SP ID="P5_SP00168" HPOS="488" VPOS="2216" WIDTH="28"/>
						<String ID="P5_ST00208" HPOS="516" VPOS="2195" WIDTH="57" HEIGHT="17" CONTENT="want" WC="0.99" CC="0060"/>
						<SP ID="P5_SP00169" HPOS="573" VPOS="2216" WIDTH="27"/>
						<String ID="P5_ST00209" HPOS="600" VPOS="2194" WIDTH="23" HEIGHT="18" CONTENT="to" WC="1.00" CC="00"/>
					</TextLine>
					<TextLine ID="P5_TL00041" HPOS="153" VPOS="2228" WIDTH="403" HEIGHT="29">
						<String ID="P5_ST00210" HPOS="153" VPOS="2228" WIDTH="84" HEIGHT="23" CONTENT="believe" WC="1.00" CC="6000000"/>
						<SP ID="P5_SP00170" HPOS="237" VPOS="2251" WIDTH="9"/>
						<String ID="P5_ST00211" HPOS="246" VPOS="2228" WIDTH="50" HEIGHT="29" CONTENT="they" WC="1.00" CC="0000"/>
						<SP ID="P5_SP00171" HPOS="296" VPOS="2257" WIDTH="9"/>
						<String ID="P5_ST00212" HPOS="305" VPOS="2235" WIDTH="36" HEIGHT="15" CONTENT="are" WC="0.97" CC="070"/>
						<SP ID="P5_SP00172" HPOS="341" VPOS="2257" WIDTH="8"/>
						<String ID="P5_ST00213" HPOS="349" VPOS="2232" WIDTH="76" HEIGHT="25" CONTENT="agents" WC="0.99" CC="000009"/>
						<SP ID="P5_SP00173" HPOS="425" VPOS="2257" WIDTH="8"/>
						<String ID="P5_ST00214" HPOS="433" VPOS="2228" WIDTH="26" HEIGHT="22" CONTENT="of" WC="0.89" CC="01"/>
						<SP ID="P5_SP00174" HPOS="459" VPOS="2257" WIDTH="6"/>
						<String ID="P5_ST00215" HPOS="465" VPOS="2228" WIDTH="91" HEIGHT="28" CONTENT="change." WC="0.99" CC="4305800"/>
					</TextLine>
					<TextLine ID="P5_TL00042" HPOS="193" VPOS="2266" WIDTH="428" HEIGHT="29">
						<String ID="P5_ST00216" HPOS="193" VPOS="2267" WIDTH="54" HEIGHT="22" CONTENT="This" WC="1.00" CC="0000"/>
						<SP ID="P5_SP00175" HPOS="247" VPOS="2289" WIDTH="13"/>
						<String ID="P5_ST00217" HPOS="260" VPOS="2267" WIDTH="82" HEIGHT="28" CONTENT="hipster" WC="1.00" CC="0000000"/>
						<SP ID="P5_SP00176" HPOS="342" VPOS="2295" WIDTH="12"/>
						<String ID="P5_ST00218" HPOS="354" VPOS="2266" WIDTH="125" HEIGHT="29" CONTENT="generation" WC="1.00" CC="1002000400"/>
						<SP ID="P5_SP00177" HPOS="479" VPOS="2295" WIDTH="15"/>
						<String ID="P5_ST00219" HPOS="494" VPOS="2266" WIDTH="18" HEIGHT="22" CONTENT="is" WC="1.00" CC="00"/>
						<SP ID="P5_SP00178" HPOS="512" VPOS="2295" WIDTH="13"/>
						<String ID="P5_ST00220" HPOS="525" VPOS="2266" WIDTH="48" HEIGHT="22" CONTENT="also" WC="1.00" CC="0000"/>
						<SP ID="P5_SP00179" HPOS="573" VPOS="2295" WIDTH="13"/>
						<String ID="P5_ST00221" HPOS="586" VPOS="2266" WIDTH="35" HEIGHT="22" CONTENT="the" WC="1.00" CC="000"/>
					</TextLine>
					<TextLine ID="P5_TL00043" HPOS="152" VPOS="2304" WIDTH="469" HEIGHT="29">
						<String ID="P5_ST00222" HPOS="152" VPOS="2305" WIDTH="87" HEIGHT="22" CONTENT="Obama" WC="0.92" CC="00040"/>
						<SP ID="P5_SP00180" HPOS="239" VPOS="2327" WIDTH="31"/>
						<String ID="P5_ST00223" HPOS="270" VPOS="2304" WIDTH="132" HEIGHT="29" CONTENT="generation." WC="1.00" CC="00010001500"/>
						<SP ID="P5_SP00181" HPOS="402" VPOS="2333" WIDTH="32"/>
						<String ID="P5_ST00224" HPOS="434" VPOS="2304" WIDTH="93" HEIGHT="29" CONTENT="Though" WC="1.00" CC="041000"/>
						<SP ID="P5_SP00182" HPOS="527" VPOS="2333" WIDTH="32"/>
						<String ID="P5_ST00225" HPOS="559" VPOS="2311" WIDTH="62" HEIGHT="15" CONTENT="some" WC="0.99" CC="0003"/>
					</TextLine>
					<TextLine ID="P5_TL00044" HPOS="152" VPOS="2341" WIDTH="471" HEIGHT="30">
						<String ID="P5_ST00226" HPOS="152" VPOS="2349" WIDTH="65" HEIGHT="22" CONTENT="argue" WC="1.00" CC="00200"/>
						<SP ID="P5_SP00183" HPOS="217" VPOS="2371" WIDTH="12"/>
						<String ID="P5_ST00227" HPOS="229" VPOS="2342" WIDTH="36" HEIGHT="22" CONTENT="the" WC="1.00" CC="000"/>
						<SP ID="P5_SP00184" HPOS="265" VPOS="2371" WIDTH="12"/>
						<String ID="P5_ST00228" HPOS="277" VPOS="2342" WIDTH="67" HEIGHT="29" CONTENT="youth" WC="0.98" CC="06460"/>
						<SP ID="P5_SP00185" HPOS="344" VPOS="2371" WIDTH="13"/>
						<String ID="P5_ST00229" HPOS="357" VPOS="2342" WIDTH="82" HEIGHT="29" CONTENT="proved" WC="0.99" CC="075000"/>
						<SP ID="P5_SP00186" HPOS="439" VPOS="2371" WIDTH="12"/>
						<String ID="P5_ST00230" HPOS="451" VPOS="2341" WIDTH="95" HEIGHT="30" CONTENT="political" WC="1.00" CC="010503102"/>
						<SP ID="P5_SP00187" HPOS="546" VPOS="2371" WIDTH="14"/>
						<String ID="P5_ST00231" HPOS="560" VPOS="2341" WIDTH="63" HEIGHT="29" CONTENT="vigor" WC="0.99" CC="00050"/>
					</TextLine>
					<TextLine ID="P5_TL00045" HPOS="152" VPOS="2379" WIDTH="469" HEIGHT="30">
						<String ID="P5_ST00232" HPOS="152" VPOS="2380" WIDTH="29" HEIGHT="29" CONTENT="by" WC="1.00" CC="00"/>
						<SP ID="P5_SP00188" HPOS="181" VPOS="2409" WIDTH="19"/>
						<String ID="P5_ST00233" HPOS="200" VPOS="2380" WIDTH="76" HEIGHT="29" CONTENT="voting" WC="1.00" CC="000000"/>
						<SP ID="P5_SP00189" HPOS="276" VPOS="2409" WIDTH="19"/>
						<String ID="P5_ST00234" HPOS="295" VPOS="2380" WIDTH="21" HEIGHT="22" CONTENT="in" WC="0.88" CC="20"/>
						<SP ID="P5_SP00190" HPOS="316" VPOS="2409" WIDTH="20"/>
						<String ID="P5_ST00235" HPOS="336" VPOS="2380" WIDTH="56" HEIGHT="29" CONTENT="large" WC="1.00" CC="00000"/>
						<SP ID="P5_SP00191" HPOS="392" VPOS="2409" WIDTH="21"/>
						<String ID="P5_ST00236" HPOS="413" VPOS="2380" WIDTH="102" HEIGHT="22" CONTENT="numbers" WC="0.99" CC="2005009"/>
						<SP ID="P5_SP00192" HPOS="515" VPOS="2409" WIDTH="20"/>
						<String ID="P5_ST00237" HPOS="535" VPOS="2379" WIDTH="33" HEIGHT="22" CONTENT="for" WC="0.98" CC="040"/>
						<SP ID="P5_SP00193" HPOS="568" VPOS="2409" WIDTH="18"/>
						<String ID="P5_ST00238" HPOS="586" VPOS="2379" WIDTH="35" HEIGHT="22" CONTENT="the" WC="0.98" CC="040"/>
					</TextLine>
					<TextLine ID="P5_TL00046" HPOS="153" VPOS="2417" WIDTH="468" HEIGHT="29">
						<String ID="P5_ST00239" HPOS="153" VPOS="2418" WIDTH="58" HEIGHT="22" CONTENT="2008" WC="0.85" CC="0302"/>
						<SP ID="P5_SP00194" HPOS="211" VPOS="2440" WIDTH="14"/>
						<String ID="P5_ST00240" HPOS="225" VPOS="2418" WIDTH="101" HEIGHT="25" CONTENT="election," WC="1.00" CC="050401000"/>
						<SP ID="P5_SP00195" HPOS="326" VPOS="2443" WIDTH="15"/>
						<String ID="P5_ST00241" HPOS="341" VPOS="2418" WIDTH="49" HEIGHT="28" CONTENT="they" WC="0.98" CC="3400"/>
						<SP ID="P5_SP00196" HPOS="390" VPOS="2446" WIDTH="16"/>
						<String ID="P5_ST00242" HPOS="406" VPOS="2417" WIDTH="64" HEIGHT="22" CONTENT="voted" WC="1.00" CC="00000"/>
						<SP ID="P5_SP00197" HPOS="470" VPOS="2446" WIDTH="15"/>
						<String ID="P5_ST00243" HPOS="485" VPOS="2417" WIDTH="34" HEIGHT="22" CONTENT="for" WC="0.99" CC="020"/>
						<SP ID="P5_SP00198" HPOS="519" VPOS="2446" WIDTH="13"/>
						<String ID="P5_ST00244" HPOS="532" VPOS="2424" WIDTH="13" HEIGHT="15" CONTENT="a" WC="1.00" CC="0"/>
						<SP ID="P5_SP00199" HPOS="545" VPOS="2446" WIDTH="12"/>
						<String ID="P5_ST00245" HPOS="557" VPOS="2417" WIDTH="64" HEIGHT="25" CONTENT='"Yes,' WC="0.99" CC="50000"/>
					</TextLine>
					<TextLine ID="P5_TL00047" HPOS="152" VPOS="2454" WIDTH="471" HEIGHT="30">
						<String ID="P5_ST00246" HPOS="152" VPOS="2462" WIDTH="34" HEIGHT="16" CONTENT="we" WC="1.00" CC="00"/>
						<SP ID="P5_SP00200" HPOS="186" VPOS="2478" WIDTH="7"/>
						<String ID="P5_ST00247" HPOS="193" VPOS="2455" WIDTH="55" HEIGHT="23" CONTENT='can"' WC="1.00" CC="2000"/>
						<SP ID="P5_SP00201" HPOS="248" VPOS="2478" WIDTH="9"/>
						<String ID="P5_ST00248" HPOS="257" VPOS="2455" WIDTH="102" HEIGHT="29" CONTENT="ideology" WC="0.99" CC="00010090"/>
						<SP ID="P5_SP00202" HPOS="359" VPOS="2484" WIDTH="8"/>
						<String ID="P5_ST00249" HPOS="367" VPOS="2455" WIDTH="133" HEIGHT="29" CONTENT="compatible" WC="1.00" CC="0190010000"/>
						<SP ID="P5_SP00203" HPOS="500" VPOS="2484" WIDTH="8"/>
						<String ID="P5_ST00250" HPOS="508" VPOS="2455" WIDTH="52" HEIGHT="22" CONTENT="with" WC="1.00" CC="0000"/>
						<SP ID="P5_SP00204" HPOS="560" VPOS="2484" WIDTH="8"/>
						<String ID="P5_ST00251" HPOS="568" VPOS="2454" WIDTH="55" HEIGHT="23" CONTENT="their" WC="0.99" CC="01300"/>
					</TextLine>
					<TextLine ID="P5_TL00048" HPOS="153" VPOS="2493" WIDTH="123" HEIGHT="29">
						<String ID="P5_ST00252" HPOS="153" VPOS="2493" WIDTH="123" HEIGHT="29" CONTENT="ignorance." WC="1.00" CC="0000000000"/>
					</TextLine>
					<TextLine ID="P5_TL00049" HPOS="193" VPOS="2531" WIDTH="429" HEIGHT="29">
						<String ID="P5_ST00253" HPOS="193" VPOS="2532" WIDTH="157" HEIGHT="28" CONTENT="Corporations" WC="1.00" CC="060040000004"/>
						<SP ID="P5_SP00205" HPOS="350" VPOS="2560" WIDTH="21"/>
						<String ID="P5_ST00254" HPOS="371" VPOS="2532" WIDTH="52" HEIGHT="22" CONTENT="who" WC="0.98" CC="500"/>
						<SP ID="P5_SP00206" HPOS="423" VPOS="2560" WIDTH="20"/>
						<String ID="P5_ST00255" HPOS="443" VPOS="2531" WIDTH="76" HEIGHT="22" CONTENT="follow" WC="0.99" CC="500020"/>
						<SP ID="P5_SP00207" HPOS="519" VPOS="2560" WIDTH="22"/>
						<String ID="P5_ST00256" HPOS="541" VPOS="2531" WIDTH="81" HEIGHT="28" CONTENT="hipster" WC="1.00" CC="0000000"/>
					</TextLine>
					<TextLine ID="P5_TL00050" HPOS="151" VPOS="2568" WIDTH="468" HEIGHT="30">
						<String ID="P5_ST00257" HPOS="151" VPOS="2570" WIDTH="82" HEIGHT="22" CONTENT="culture" WC="1.00" CC="4000000"/>
						<SP ID="P5_SP00208" HPOS="233" VPOS="2592" WIDTH="15"/>
						<String ID="P5_ST00258" HPOS="248" VPOS="2569" WIDTH="105" HEIGHT="29" CONTENT="provided" WC="1.00" CC="00500000"/>
						<SP ID="P5_SP00209" HPOS="353" VPOS="2598" WIDTH="14"/>
						<String ID="P5_ST00259" HPOS="367" VPOS="2569" WIDTH="135" HEIGHT="29" CONTENT="appropriate" WC="1.00" CC="00002000010"/>
						<SP ID="P5_SP00210" HPOS="502" VPOS="2598" WIDTH="15"/>
						<String ID="P5_ST00260" HPOS="517" VPOS="2568" WIDTH="102" HEIGHT="23" CONTENT="material:" WC="1.00" CC="900000000"/>
					</TextLine>
					<TextLine ID="P5_TL00051" HPOS="152" VPOS="2606" WIDTH="468" HEIGHT="24">
						<String ID="P5_ST00261" HPOS="152" VPOS="2607" WIDTH="35" HEIGHT="23" CONTENT="the" WC="0.98" CC="210"/>
						<SP ID="P5_SP00211" HPOS="187" VPOS="2630" WIDTH="10"/>
						<String ID="P5_ST00262" HPOS="197" VPOS="2611" WIDTH="61" HEIGHT="18" CONTENT="overt" WC="0.99" CC="40001"/>
						<SP ID="P5_SP00212" HPOS="258" VPOS="2630" WIDTH="10"/>
						<String ID="P5_ST00263" HPOS="268" VPOS="2607" WIDTH="154" HEIGHT="22" CONTENT="endorsement" WC="1.00" CC="01040900005"/>
						<SP ID="P5_SP00213" HPOS="422" VPOS="2630" WIDTH="10"/>
						<String ID="P5_ST00264" HPOS="432" VPOS="2606" WIDTH="26" HEIGHT="23" CONTENT="of" WC="1.00" CC="00"/>
						<SP ID="P5_SP00214" HPOS="458" VPOS="2630" WIDTH="8"/>
						<String ID="P5_ST00265" HPOS="466" VPOS="2607" WIDTH="87" HEIGHT="22" CONTENT="Obama" WC="1.00" CC="00000"/>
						<SP ID="P5_SP00215" HPOS="553" VPOS="2630" WIDTH="11"/>
						<String ID="P5_ST00266" HPOS="564" VPOS="2606" WIDTH="56" HEIGHT="22" CONTENT="from" WC="1.00" CC="0000"/>
					</TextLine>
					<TextLine ID="P5_TL00052" HPOS="151" VPOS="2643" WIDTH="469" HEIGHT="31">
						<String ID="P5_ST00267" HPOS="151" VPOS="2645" WIDTH="103" HEIGHT="29" CONTENT='"Rolling' WC="1.00" CC="50000400"/>
						<SP ID="P5_SP00216" HPOS="254" VPOS="2674" WIDTH="13"/>
						<String ID="P5_ST00268" HPOS="267" VPOS="2645" WIDTH="81" HEIGHT="22" CONTENT='Stone"' WC="1.00" CC="000004"/>
						<SP ID="P5_SP00217" HPOS="348" VPOS="2674" WIDTH="12"/>
						<String ID="P5_ST00269" HPOS="360" VPOS="2645" WIDTH="52" HEIGHT="22" CONTENT="with" WC="0.99" CC="0003"/>
						<SP ID="P5_SP00218" HPOS="412" VPOS="2674" WIDTH="13"/>
						<String ID="P5_ST00270" HPOS="425" VPOS="2645" WIDTH="34" HEIGHT="21" CONTENT="the" WC="0.98" CC="050"/>
						<SP ID="P5_SP00219" HPOS="459" VPOS="2674" WIDTH="12"/>
						<String ID="P5_ST00271" HPOS="471" VPOS="2651" WIDTH="67" HEIGHT="15" CONTENT="cover" WC="1.00" CC="03000"/>
						<SP ID="P5_SP00220" HPOS="538" VPOS="2674" WIDTH="11"/>
						<String ID="P5_ST00272" HPOS="549" VPOS="2643" WIDTH="26" HEIGHT="23" CONTENT="of" WC="0.51" CC="45"/>
						<SP ID="P5_SP00221" HPOS="575" VPOS="2674" WIDTH="10"/>
						<String ID="P5_ST00273" HPOS="585" VPOS="2643" WIDTH="35" HEIGHT="22" CONTENT="the" WC="0.98" CC="060"/>
					</TextLine>
					<TextLine ID="P5_TL00053" HPOS="152" VPOS="2681" WIDTH="468" HEIGHT="30">
						<String ID="P5_ST00274" HPOS="152" VPOS="2683" WIDTH="77" HEIGHT="22" CONTENT="March" WC="0.98" CC="00730"/>
						<SP ID="P5_SP00222" HPOS="229" VPOS="2705" WIDTH="17"/>
						<String ID="P5_ST00275" HPOS="246" VPOS="2683" WIDTH="58" HEIGHT="22" CONTENT="2008" WC="1.00" CC="0000"/>
						<SP ID="P5_SP00223" HPOS="304" VPOS="2705" WIDTH="18"/>
						<String ID="P5_ST00276" HPOS="322" VPOS="2682" WIDTH="58" HEIGHT="23" CONTENT="issue" WC="1.00" CC="00001"/>
						<SP ID="P5_SP00224" HPOS="380" VPOS="2705" WIDTH="17"/>
						<String ID="P5_ST00277" HPOS="397" VPOS="2682" WIDTH="105" HEIGHT="29" CONTENT="featuring" WC="1.00" CC="000500000"/>
						<SP ID="P5_SP00225" HPOS="502" VPOS="2711" WIDTH="17"/>
						<String ID="P5_ST00278" HPOS="519" VPOS="2682" WIDTH="34" HEIGHT="21" CONTENT="the" WC="0.98" CC="400"/>
						<SP ID="P5_SP00226" HPOS="553" VPOS="2711" WIDTH="17"/>
						<String ID="P5_ST00279" HPOS="570" VPOS="2681" WIDTH="50" HEIGHT="22" CONTENT="then" WC="0.99" CC="0600"/>
					</TextLine>
					<TextLine ID="P5_TL00054" HPOS="152" VPOS="2719" WIDTH="468" HEIGHT="29">
						<String ID="P5_ST00280" HPOS="152" VPOS="2725" WIDTH="86" HEIGHT="17" CONTENT="senator" WC="0.99" CC="9100014"/>
						<SP ID="P5_SP00227" HPOS="238" VPOS="2742" WIDTH="16"/>
						<String ID="P5_ST00281" HPOS="254" VPOS="2720" WIDTH="135" HEIGHT="22" CONTENT="illuminated" WC="1.00" CC="00009500000"/>
						<SP ID="P5_SP00228" HPOS="389" VPOS="2742" WIDTH="18"/>
						<String ID="P5_ST00282" HPOS="407" VPOS="2720" WIDTH="20" HEIGHT="22" CONTENT="in" WC="1.00" CC="00"/>
						<SP ID="P5_SP00229" HPOS="427" VPOS="2742" WIDTH="18"/>
						<String ID="P5_ST00283" HPOS="445" VPOS="2719" WIDTH="65" HEIGHT="23" CONTENT="white" WC="1.00" CC="01000"/>
						<SP ID="P5_SP00230" HPOS="510" VPOS="2742" WIDTH="18"/>
						<String ID="P5_ST00284" HPOS="528" VPOS="2719" WIDTH="52" HEIGHT="29" CONTENT="light" WC="0.99" CC="15003"/>
						<SP ID="P5_SP00231" HPOS="580" VPOS="2748" WIDTH="16"/>
						<String ID="P5_ST00285" HPOS="596" VPOS="2725" WIDTH="24" HEIGHT="16" CONTENT="as" WC="0.48" CC="46"/>
					</TextLine>
					<TextLine ID="P5_TL00055" HPOS="152" VPOS="2757" WIDTH="470" HEIGHT="30">
						<String ID="P5_ST00286" HPOS="152" VPOS="2758" WIDTH="19" HEIGHT="22" CONTENT="if" WC="0.88" CC="20"/>
						<SP ID="P5_SP00232" HPOS="171" VPOS="2780" WIDTH="11"/>
						<String ID="P5_ST00287" HPOS="182" VPOS="2765" WIDTH="13" HEIGHT="15" CONTENT="a" WC="0.71" CC="2"/>
						<SP ID="P5_SP00233" HPOS="195" VPOS="2780" WIDTH="15"/>
						<String ID="P5_ST00288" HPOS="210" VPOS="2758" WIDTH="90" HEIGHT="29" CONTENT="prophet" WC="1.00" CC="0020000"/>
						<SP ID="P5_SP00234" HPOS="300" VPOS="2787" WIDTH="14"/>
						<String ID="P5_ST00289" HPOS="314" VPOS="2762" WIDTH="51" HEIGHT="18" CONTENT="next" WC="0.99" CC="0030"/>
						<SP ID="P5_SP00235" HPOS="365" VPOS="2787" WIDTH="15"/>
						<String ID="P5_ST00290" HPOS="380" VPOS="2762" WIDTH="22" HEIGHT="18" CONTENT="to" WC="0.81" CC="03"/>
						<SP ID="P5_SP00236" HPOS="402" VPOS="2787" WIDTH="14"/>
						<String ID="P5_ST00291" HPOS="416" VPOS="2758" WIDTH="35" HEIGHT="22" CONTENT="the" WC="0.97" CC="250"/>
						<SP ID="P5_SP00237" HPOS="451" VPOS="2787" WIDTH="15"/>
						<String ID="P5_ST00292" HPOS="466" VPOS="2757" WIDTH="107" HEIGHT="25" CONTENT="headline," WC="1.00" CC="000001200"/>
						<SP ID="P5_SP00238" HPOS="573" VPOS="2787" WIDTH="14"/>
						<String ID="P5_ST00293" HPOS="587" VPOS="2758" WIDTH="35" HEIGHT="21" CONTENT='"A' WC="0.93" CC="10"/>
					</TextLine>
					<TextLine ID="P5_TL00056" HPOS="152" VPOS="2795" WIDTH="468" HEIGHT="30">
						<String ID="P5_ST00294" HPOS="152" VPOS="2797" WIDTH="55" HEIGHT="22" CONTENT="New" WC="1.00" CC="000"/>
						<SP ID="P5_SP00239" HPOS="207" VPOS="2819" WIDTH="11"/>
						<String ID="P5_ST00295" HPOS="218" VPOS="2797" WIDTH="85" HEIGHT="28" CONTENT='Hope";' WC="1.00" CC="030010"/>
						<SP ID="P5_SP00240" HPOS="303" VPOS="2825" WIDTH="8"/>
						<String ID="P5_ST00296" HPOS="311" VPOS="2796" WIDTH="117" HEIGHT="23" CONTENT="American" WC="0.99" CC="09000002"/>
						<SP ID="P5_SP00241" HPOS="428" VPOS="2825" WIDTH="9"/>
						<String ID="P5_ST00297" HPOS="437" VPOS="2795" WIDTH="115" HEIGHT="29" CONTENT="Apparel's" WC="1.00" CC="000200000"/>
						<SP ID="P5_SP00242" HPOS="552" VPOS="2825" WIDTH="9"/>
						<String ID="P5_ST00298" HPOS="561" VPOS="2795" WIDTH="59" HEIGHT="22" CONTENT='"The' WC="0.99" CC="5000"/>
					</TextLine>
					<TextLine ID="P5_TL00057" HPOS="152" VPOS="2832" WIDTH="467" HEIGHT="31">
						<String ID="P5_ST00299" HPOS="152" VPOS="2834" WIDTH="108" HEIGHT="29" CONTENT="Audacity" WC="1.00" CC="00000000"/>
						<SP ID="P5_SP00243" HPOS="260" VPOS="2863" WIDTH="9"/>
						<String ID="P5_ST00300" HPOS="269" VPOS="2838" WIDTH="23" HEIGHT="18" CONTENT="to" WC="0.75" CC="22"/>
						<SP ID="P5_SP00244" HPOS="292" VPOS="2863" WIDTH="7"/>
						<String ID="P5_ST00301" HPOS="299" VPOS="2834" WIDTH="72" HEIGHT="29" CONTENT="Hope," WC="0.99" CC="00700"/>
						<SP ID="P5_SP00245" HPOS="371" VPOS="2863" WIDTH="9"/>
						<String ID="P5_ST00302" HPOS="380" VPOS="2833" WIDTH="72" HEIGHT="23" CONTENT='2008"' WC="1.00" CC="00000"/>
						<SP ID="P5_SP00246" HPOS="452" VPOS="2863" WIDTH="8"/>
						<String ID="P5_ST00303" HPOS="460" VPOS="2832" WIDTH="77" HEIGHT="26" CONTENT="t-shirt;" WC="0.96" CC="00200000"/>
						<SP ID="P5_SP00247" HPOS="537" VPOS="2863" WIDTH="9"/>
						<String ID="P5_ST00304" HPOS="546" VPOS="2832" WIDTH="73" HEIGHT="23" CONTENT="Urban" WC="0.99" CC="30501"/>
					</TextLine>
					<TextLine ID="P5_TL00058" HPOS="150" VPOS="2870" WIDTH="470" HEIGHT="24">
						<String ID="P5_ST00305" HPOS="150" VPOS="2872" WIDTH="121" HEIGHT="22" CONTENT="Outfitters'" WC="1.00" CC="00000100000"/>
						<SP ID="P5_SP00248" HPOS="271" VPOS="2894" WIDTH="20"/>
						<String ID="P5_ST00306" HPOS="291" VPOS="2872" WIDTH="106" HEIGHT="22" CONTENT='"Obama:' WC="0.87" CC="6000002"/>
						<SP ID="P5_SP00249" HPOS="397" VPOS="2894" WIDTH="22"/>
						<String ID="P5_ST00307" HPOS="419" VPOS="2871" WIDTH="41" HEIGHT="22" CONTENT="For" WC="1.00" CC="000"/>
						<SP ID="P5_SP00250" HPOS="460" VPOS="2894" WIDTH="18"/>
						<String ID="P5_ST00308" HPOS="478" VPOS="2871" WIDTH="33" HEIGHT="22" CONTENT="Yo" WC="0.78" CC="04"/>
						<SP ID="P5_SP00251" HPOS="511" VPOS="2894" WIDTH="19"/>
						<String ID="P5_ST00309" HPOS="530" VPOS="2870" WIDTH="90" HEIGHT="22" CONTENT='Mama"' WC="0.98" CC="90004"/>
					</TextLine>
					<TextLine ID="P5_TL00059" HPOS="151" VPOS="2907" WIDTH="468" HEIGHT="31">
						<String ID="P5_ST00310" HPOS="151" VPOS="2909" WIDTH="77" HEIGHT="26" CONTENT="t-shirt," WC="0.88" CC="00010800"/>
						<SP ID="P5_SP00252" HPOS="228" VPOS="2935" WIDTH="25"/>
						<String ID="P5_ST00311" HPOS="253" VPOS="2917" WIDTH="27" HEIGHT="15" CONTENT="an" WC="0.72" CC="50"/>
						<SP ID="P5_SP00253" HPOS="280" VPOS="2935" WIDTH="24"/>
						<String ID="P5_ST00312" HPOS="304" VPOS="2913" WIDTH="88" HEIGHT="25" CONTENT="attempt" WC="1.00" CC="0001004"/>
						<SP ID="P5_SP00254" HPOS="392" VPOS="2938" WIDTH="26"/>
						<String ID="P5_ST00313" HPOS="418" VPOS="2913" WIDTH="19" HEIGHT="18" CONTENT="at" WC="0.83" CC="03"/>
						<SP ID="P5_SP00255" HPOS="437" VPOS="2938" WIDTH="26"/>
						<String ID="P5_ST00314" HPOS="463" VPOS="2908" WIDTH="67" HEIGHT="23" CONTENT="ironic" WC="0.98" CC="364002"/>
						<SP ID="P5_SP00256" HPOS="530" VPOS="2938" WIDTH="25"/>
						<String ID="P5_ST00315" HPOS="555" VPOS="2907" WIDTH="64" HEIGHT="23" CONTENT="white" WC="0.99" CC="07000"/>
					</TextLine>
					<TextLine ID="P5_TL00060" HPOS="151" VPOS="2948" WIDTH="183" HEIGHT="28">
						<String ID="P5_ST00316" HPOS="151" VPOS="2951" WIDTH="102" HEIGHT="25" CONTENT="gangster" WC="0.99" CC="00079000"/>
						<SP ID="P5_SP00257" HPOS="253" VPOS="2976" WIDTH="7"/>
						<String ID="P5_ST00317" HPOS="260" VPOS="2948" WIDTH="74" HEIGHT="28" CONTENT="speak." WC="0.99" CC="900030"/>
					</TextLine>
					<TextLine ID="P5_TL00061" HPOS="193" VPOS="2984" WIDTH="426" HEIGHT="30">
						<String ID="P5_ST00318" HPOS="193" VPOS="2985" WIDTH="42" HEIGHT="22" CONTENT="For" WC="1.00" CC="000"/>
						<SP ID="P5_SP00258" HPOS="235" VPOS="3007" WIDTH="12"/>
						<String ID="P5_ST00319" HPOS="247" VPOS="2985" WIDTH="99" HEIGHT="29" CONTENT="hipsters," WC="1.00" CC="200050000"/>
						<SP ID="P5_SP00259" HPOS="346" VPOS="3014" WIDTH="13"/>
						<String ID="P5_ST00320" HPOS="359" VPOS="2985" WIDTH="77" HEIGHT="28" CONTENT="during" WC="1.00" CC="000000"/>
						<SP ID="P5_SP00260" HPOS="436" VPOS="3014" WIDTH="14"/>
						<String ID="P5_ST00321" HPOS="450" VPOS="2984" WIDTH="33" HEIGHT="23" CONTENT="his" WC="0.99" CC="100"/>
						<SP ID="P5_SP00261" HPOS="483" VPOS="3014" WIDTH="13"/>
						<String ID="P5_ST00322" HPOS="496" VPOS="2984" WIDTH="123" HEIGHT="28" CONTENT="campaign," WC="1.00" CC="000000020"/>
					</TextLine>
					<TextLine ID="P5_TL00062" HPOS="150" VPOS="3021" WIDTH="470" HEIGHT="24">
						<String ID="P5_ST00323" HPOS="150" VPOS="3023" WIDTH="87" HEIGHT="22" CONTENT="Obama" WC="0.97" CC="01000"/>
						<SP ID="P5_SP00262" HPOS="237" VPOS="3045" WIDTH="21"/>
						<String ID="P5_ST00324" HPOS="258" VPOS="3023" WIDTH="126" HEIGHT="22" CONTENT="functioned" WC="0.99" CC="1300005330"/>
						<SP ID="P5_SP00263" HPOS="384" VPOS="3045" WIDTH="19"/>
						<String ID="P5_ST00325" HPOS="403" VPOS="3029" WIDTH="24" HEIGHT="16" CONTENT="as" WC="0.69" CC="06"/>
						<SP ID="P5_SP00264" HPOS="427" VPOS="3045" WIDTH="19"/>
						<String ID="P5_ST00326" HPOS="446" VPOS="3022" WIDTH="54" HEIGHT="22" CONTENT="their" WC="1.00" CC="00010"/>
						<SP ID="P5_SP00265" HPOS="500" VPOS="3045" WIDTH="18"/>
						<String ID="P5_ST00327" HPOS="518" VPOS="3021" WIDTH="102" HEIGHT="23" CONTENT="culture's" WC="1.00" CC="100000001"/>
					</TextLine>
					<TextLine ID="P5_TL00063" HPOS="150" VPOS="3059" WIDTH="469" HEIGHT="30">
						<String ID="P5_ST00328" HPOS="150" VPOS="3061" WIDTH="96" HEIGHT="28" CONTENT="political" WC="1.00" CC="001000000"/>
						<SP ID="P5_SP00266" HPOS="246" VPOS="3089" WIDTH="17"/>
						<String ID="P5_ST00329" HPOS="263" VPOS="3061" WIDTH="101" HEIGHT="28" CONTENT="signifier." WC="0.91" CC="0260000000"/>
						<SP ID="P5_SP00267" HPOS="364" VPOS="3089" WIDTH="17"/>
						<String ID="P5_ST00330" HPOS="381" VPOS="3061" WIDTH="87" HEIGHT="22" CONTENT="Obama" WC="0.97" CC="01000"/>
						<SP ID="P5_SP00268" HPOS="468" VPOS="3089" WIDTH="15"/>
						<String ID="P5_ST00331" HPOS="483" VPOS="3059" WIDTH="136" HEIGHT="29" CONTENT="represented" WC="0.99" CC="62000800600"/>
					</TextLine>
					<TextLine ID="P5_TL00064" HPOS="151" VPOS="3097" WIDTH="468" HEIGHT="31">
						<String ID="P5_ST00332" HPOS="151" VPOS="3099" WIDTH="123" HEIGHT="29" CONTENT="superficial" WC="0.99" CC="04000444470"/>
						<SP ID="P5_SP00269" HPOS="274" VPOS="3128" WIDTH="18"/>
						<String ID="P5_ST00333" HPOS="292" VPOS="3105" WIDTH="100" HEIGHT="23" CONTENT="progress" WC="0.99" CC="04430020"/>
						<SP ID="P5_SP00270" HPOS="392" VPOS="3128" WIDTH="18"/>
						<String ID="P5_ST00334" HPOS="410" VPOS="3097" WIDTH="92" HEIGHT="29" CONTENT="through" WC="0.99" CC="0065080"/>
						<SP ID="P5_SP00271" HPOS="502" VPOS="3128" WIDTH="18"/>
						<String ID="P5_ST00335" HPOS="520" VPOS="3097" WIDTH="33" HEIGHT="22" CONTENT="his" WC="0.98" CC="600"/>
						<SP ID="P5_SP00272" HPOS="553" VPOS="3128" WIDTH="18"/>
						<String ID="P5_ST00336" HPOS="571" VPOS="3103" WIDTH="48" HEIGHT="15" CONTENT="race" WC="1.00" CC="0000"/>
					</TextLine>
					<TextLine ID="P5_TL00065" HPOS="150" VPOS="3134" WIDTH="469" HEIGHT="31">
						<String ID="P5_ST00337" HPOS="150" VPOS="3137" WIDTH="43" HEIGHT="22" CONTENT="and" WC="0.97" CC="060"/>
						<SP ID="P5_SP00273" HPOS="193" VPOS="3159" WIDTH="11"/>
						<String ID="P5_ST00338" HPOS="204" VPOS="3136" WIDTH="33" HEIGHT="22" CONTENT="his" WC="0.99" CC="100"/>
						<SP ID="P5_SP00274" HPOS="237" VPOS="3159" WIDTH="12"/>
						<String ID="P5_ST00339" HPOS="249" VPOS="3136" WIDTH="124" HEIGHT="29" CONTENT="promotion" WC="0.99" CC="003060022"/>
						<SP ID="P5_SP00275" HPOS="373" VPOS="3165" WIDTH="11"/>
						<String ID="P5_ST00340" HPOS="384" VPOS="3135" WIDTH="27" HEIGHT="23" CONTENT="of" WC="1.00" CC="00"/>
						<SP ID="P5_SP00276" HPOS="411" VPOS="3165" WIDTH="8"/>
						<String ID="P5_ST00341" HPOS="419" VPOS="3142" WIDTH="27" HEIGHT="15" CONTENT="an" WC="0.79" CC="04"/>
						<SP ID="P5_SP00277" HPOS="446" VPOS="3165" WIDTH="12"/>
						<String ID="P5_ST00342" HPOS="458" VPOS="3135" WIDTH="49" HEIGHT="22" CONTENT="idea" WC="1.00" CC="0000"/>
						<SP ID="P5_SP00278" HPOS="507" VPOS="3165" WIDTH="10"/>
						<String ID="P5_ST00343" HPOS="517" VPOS="3141" WIDTH="56" HEIGHT="16" CONTENT="even" WC="1.00" CC="0000"/>
						<SP ID="P5_SP00279" HPOS="573" VPOS="3165" WIDTH="11"/>
						<String ID="P5_ST00344" HPOS="584" VPOS="3134" WIDTH="35" HEIGHT="22" CONTENT="the" WC="0.98" CC="400"/>
					</TextLine>
					<TextLine ID="P5_TL00066" HPOS="150" VPOS="3172" WIDTH="468" HEIGHT="29">
						<String ID="P5_ST00345" HPOS="150" VPOS="3174" WIDTH="86" HEIGHT="22" CONTENT="ancient" WC="1.00" CC="0102000"/>
						<SP ID="P5_SP00280" HPOS="236" VPOS="3196" WIDTH="22"/>
						<String ID="P5_ST00346" HPOS="258" VPOS="3174" WIDTH="84" HEIGHT="22" CONTENT="Greeks" WC="1.00" CC="000050"/>
						<SP ID="P5_SP00281" HPOS="342" VPOS="3196" WIDTH="22"/>
						<String ID="P5_ST00347" HPOS="364" VPOS="3173" WIDTH="51" HEIGHT="23" CONTENT="held" WC="0.99" CC="4000"/>
						<SP ID="P5_SP00282" HPOS="415" VPOS="3196" WIDTH="23"/>
						<String ID="P5_ST00348" HPOS="438" VPOS="3176" WIDTH="92" HEIGHT="25" CONTENT="suspect:" WC="1.00" CC="10000300"/>
						<SP ID="P5_SP00283" HPOS="530" VPOS="3201" WIDTH="25"/>
						<String ID="P5_ST00349" HPOS="555" VPOS="3172" WIDTH="63" HEIGHT="28" CONTENT="hope." WC="0.99" CC="05500"/>
					</TextLine>
					<TextLine ID="P5_TL00067" HPOS="149" VPOS="3209" WIDTH="470" HEIGHT="32">
						<String ID="P5_ST00350" HPOS="149" VPOS="3212" WIDTH="47" HEIGHT="22" CONTENT="The" WC="0.99" CC="030"/>
						<SP ID="P5_SP00284" HPOS="196" VPOS="3234" WIDTH="12"/>
						<String ID="P5_ST00351" HPOS="208" VPOS="3212" WIDTH="81" HEIGHT="29" CONTENT="hipster" WC="1.00" CC="1000000"/>
						<SP ID="P5_SP00285" HPOS="289" VPOS="3241" WIDTH="10"/>
						<String ID="P5_ST00352" HPOS="299" VPOS="3211" WIDTH="106" HEIGHT="23" CONTENT="obsessed" WC="0.99" CC="33800500"/>
						<SP ID="P5_SP00286" HPOS="405" VPOS="3241" WIDTH="11"/>
						<String ID="P5_ST00353" HPOS="416" VPOS="3217" WIDTH="54" HEIGHT="16" CONTENT="over" WC="0.99" CC="3000"/>
						<SP ID="P5_SP00287" HPOS="470" VPOS="3241" WIDTH="10"/>
						<String ID="P5_ST00354" HPOS="480" VPOS="3211" WIDTH="94" HEIGHT="22" CONTENT="Obama." WC="0.87" CC="002005"/>
						<SP ID="P5_SP00288" HPOS="574" VPOS="3241" WIDTH="11"/>
						<String ID="P5_ST00355" HPOS="585" VPOS="3209" WIDTH="34" HEIGHT="23" CONTENT="his" WC="1.00" CC="000"/>
					</TextLine>
					<TextLine ID="P5_TL00068" HPOS="150" VPOS="3247" WIDTH="469" HEIGHT="30">
						<String ID="P5_ST00356" HPOS="150" VPOS="3250" WIDTH="65" HEIGHT="22" CONTENT="racial" WC="0.99" CC="000506"/>
						<SP ID="P5_SP00289" HPOS="215" VPOS="3272" WIDTH="11"/>
						<String ID="P5_ST00357" HPOS="226" VPOS="3254" WIDTH="66" HEIGHT="18" CONTENT="status" WC="1.00" CC="000400"/>
						<SP ID="P5_SP00290" HPOS="292" VPOS="3272" WIDTH="11"/>
						<String ID="P5_ST00358" HPOS="303" VPOS="3256" WIDTH="61" HEIGHT="16" CONTENT="more" WC="1.00" CC="0000"/>
						<SP ID="P5_SP00291" HPOS="364" VPOS="3272" WIDTH="11"/>
						<String ID="P5_ST00359" HPOS="375" VPOS="3249" WIDTH="71" HEIGHT="28" CONTENT="likely," WC="0.99" CC="0460000"/>
						<SP ID="P5_SP00292" HPOS="446" VPOS="3277" WIDTH="11"/>
						<String ID="P5_ST00360" HPOS="457" VPOS="3255" WIDTH="23" HEIGHT="16" CONTENT="as" WC="0.33" CC="49"/>
						<SP ID="P5_SP00293" HPOS="480" VPOS="3277" WIDTH="11"/>
						<String ID="P5_ST00361" HPOS="491" VPOS="3248" WIDTH="49" HEIGHT="22" CONTENT="well" WC="1.00" CC="0001"/>
						<SP ID="P5_SP00294" HPOS="540" VPOS="3277" WIDTH="12"/>
						<String ID="P5_ST00362" HPOS="552" VPOS="3254" WIDTH="23" HEIGHT="16" CONTENT="as" WC="0.50" CC="09"/>
						<SP ID="P5_SP00295" HPOS="575" VPOS="3277" WIDTH="10"/>
						<String ID="P5_ST00363" HPOS="585" VPOS="3247" WIDTH="34" HEIGHT="22" CONTENT="his" WC="0.98" CC="004"/>
					</TextLine>
					<TextLine ID="P5_TL00069" HPOS="149" VPOS="3286" WIDTH="403" HEIGHT="30">
						<String ID="P5_ST00364" HPOS="149" VPOS="3288" WIDTH="172" HEIGHT="28" CONTENT="corresponding" WC="1.00" CC="0200000660430"/>
						<SP ID="P5_SP00296" HPOS="321" VPOS="3316" WIDTH="10"/>
						<String ID="P5_ST00365" HPOS="331" VPOS="3287" WIDTH="90" HEIGHT="23" CONTENT="rhetoric" WC="1.00" CC="00230002"/>
						<SP ID="P5_SP00297" HPOS="421" VPOS="3316" WIDTH="9"/>
						<String ID="P5_ST00366" HPOS="430" VPOS="3286" WIDTH="26" HEIGHT="22" CONTENT="of" WC="0.77" CC="40"/>
						<SP ID="P5_SP00298" HPOS="456" VPOS="3316" WIDTH="6"/>
						<String ID="P5_ST00367" HPOS="462" VPOS="3286" WIDTH="90" HEIGHT="28" CONTENT="change." WC="0.99" CC="2000920"/>
					</TextLine>
					<TextLine ID="P5_TL00070" HPOS="192" VPOS="3322" WIDTH="427" HEIGHT="32">
						<String ID="P5_ST00368" HPOS="192" VPOS="3325" WIDTH="47" HEIGHT="23" CONTENT="Our" WC="1.00" CC="000"/>
						<SP ID="P5_SP00299" HPOS="239" VPOS="3348" WIDTH="11"/>
						<String ID="P5_ST00369" HPOS="250" VPOS="3328" WIDTH="143" HEIGHT="26" CONTENT="government" WC="1.00" CC="3000000050"/>
						<SP ID="P5_SP00300" HPOS="393" VPOS="3354" WIDTH="13"/>
						<String ID="P5_ST00370" HPOS="406" VPOS="3331" WIDTH="45" HEIGHT="15" CONTENT="was" WC="0.96" CC="009"/>
						<SP ID="P5_SP00301" HPOS="451" VPOS="3354" WIDTH="13"/>
						<String ID="P5_ST00371" HPOS="464" VPOS="3322" WIDTH="117" HEIGHT="24" CONTENT="structured" WC="1.00" CC="6100002000"/>
						<SP ID="P5_SP00302" HPOS="581" VPOS="3354" WIDTH="12"/>
						<String ID="P5_ST00372" HPOS="593" VPOS="3329" WIDTH="26" HEIGHT="15" CONTENT="so" WC="1.00" CC="00"/>
					</TextLine>
					<TextLine ID="P5_TL00071" HPOS="150" VPOS="3360" WIDTH="468" HEIGHT="32">
						<String ID="P5_ST00373" HPOS="150" VPOS="3363" WIDTH="43" HEIGHT="22" CONTENT="that" WC="0.99" CC="0500"/>
						<SP ID="P5_SP00303" HPOS="193" VPOS="3385" WIDTH="10"/>
						<String ID="P5_ST00374" HPOS="203" VPOS="3363" WIDTH="84" HEIGHT="29" CONTENT="change" WC="1.00" CC="000000"/>
						<SP ID="P5_SP00304" HPOS="287" VPOS="3392" WIDTH="11"/>
						<String ID="P5_ST00375" HPOS="298" VPOS="3369" WIDTH="25" HEIGHT="15" CONTENT="or" WC="1.00" CC="00"/>
						<SP ID="P5_SP00305" HPOS="323" VPOS="3392" WIDTH="9"/>
						<String ID="P5_ST00376" HPOS="332" VPOS="3361" WIDTH="79" HEIGHT="23" CONTENT="radical" WC="0.99" CC="0004411"/>
						<SP ID="P5_SP00306" HPOS="411" VPOS="3392" WIDTH="11"/>
						<String ID="P5_ST00377" HPOS="422" VPOS="3368" WIDTH="75" HEIGHT="22" CONTENT="power" WC="0.98" CC="05502"/>
						<SP ID="P5_SP00307" HPOS="497" VPOS="3392" WIDTH="9"/>
						<String ID="P5_ST00378" HPOS="506" VPOS="3360" WIDTH="65" HEIGHT="23" CONTENT="could" WC="0.99" CC="35000"/>
						<SP ID="P5_SP00308" HPOS="571" VPOS="3392" WIDTH="11"/>
						<String ID="P5_ST00379" HPOS="582" VPOS="3364" WIDTH="36" HEIGHT="18" CONTENT="not" WC="0.97" CC="330"/>
					</TextLine>
					<TextLine ID="P5_TL00072" HPOS="149" VPOS="3398" WIDTH="469" HEIGHT="31">
						<String ID="P5_ST00380" HPOS="149" VPOS="3401" WIDTH="69" HEIGHT="28" CONTENT="easily" WC="0.99" CC="005000"/>
						<SP ID="P5_SP00309" HPOS="218" VPOS="3429" WIDTH="11"/>
						<String ID="P5_ST00381" HPOS="229" VPOS="3401" WIDTH="92" HEIGHT="28" CONTENT="happen." WC="1.00" CC="0000000"/>
						<SP ID="P5_SP00310" HPOS="321" VPOS="3429" WIDTH="12"/>
						<String ID="P5_ST00382" HPOS="333" VPOS="3399" WIDTH="87" HEIGHT="29" CONTENT="Hipster" WC="1.00" CC="0000000"/>
						<SP ID="P5_SP00311" HPOS="420" VPOS="3429" WIDTH="10"/>
						<String ID="P5_ST00383" HPOS="430" VPOS="3399" WIDTH="82" HEIGHT="22" CONTENT="culture" WC="1.00" CC="5000000"/>
						<SP ID="P5_SP00312" HPOS="512" VPOS="3429" WIDTH="10"/>
						<String ID="P5_ST00384" HPOS="522" VPOS="3398" WIDTH="96" HEIGHT="23" CONTENT="believes" WC="1.00" CC="00203000"/>
					</TextLine>
					<TextLine ID="P5_TL00073" HPOS="149" VPOS="3435" WIDTH="469" HEIGHT="31">
						<String ID="P5_ST00385" HPOS="149" VPOS="3438" WIDTH="88" HEIGHT="23" CONTENT="Obama" WC="0.90" CC="04000"/>
						<SP ID="P5_SP00313" HPOS="237" VPOS="3461" WIDTH="17"/>
						<String ID="P5_ST00386" HPOS="254" VPOS="3445" WIDTH="41" HEIGHT="15" CONTENT="can" WC="0.98" CC="005"/>
						<SP ID="P5_SP00314" HPOS="295" VPOS="3461" WIDTH="19"/>
						<String ID="P5_ST00387" HPOS="314" VPOS="3437" WIDTH="50" HEIGHT="29" CONTENT="give" WC="1.00" CC="0100"/>
						<SP ID="P5_SP00315" HPOS="364" VPOS="3466" WIDTH="18"/>
						<String ID="P5_ST00388" HPOS="382" VPOS="3437" WIDTH="60" HEIGHT="22" CONTENT="them" WC="0.98" CC="2008"/>
						<SP ID="P5_SP00316" HPOS="442" VPOS="3466" WIDTH="18"/>
						<String ID="P5_ST00389" HPOS="460" VPOS="3437" WIDTH="35" HEIGHT="22" CONTENT="the" WC="0.99" CC="002"/>
						<SP ID="P5_SP00317" HPOS="495" VPOS="3466" WIDTH="18"/>
						<String ID="P5_ST00390" HPOS="513" VPOS="3435" WIDTH="105" HEIGHT="24" CONTENT="rebellion" WC="1.00" CC="004000030"/>
					</TextLine>
					<TextLine ID="P5_TL00074" HPOS="149" VPOS="3472" WIDTH="469" HEIGHT="32">
						<String ID="P5_ST00391" HPOS="149" VPOS="3476" WIDTH="55" HEIGHT="22" CONTENT="their" WC="1.00" CC="30000"/>
						<SP ID="P5_SP00318" HPOS="204" VPOS="3498" WIDTH="6"/>
						<String ID="P5_ST00392" HPOS="210" VPOS="3476" WIDTH="104" HEIGHT="22" CONTENT="aesthetic" WC="1.00" CC="000000033"/>
						<SP ID="P5_SP00319" HPOS="314" VPOS="3498" WIDTH="9"/>
						<String ID="P5_ST00393" HPOS="323" VPOS="3476" WIDTH="18" HEIGHT="22" CONTENT="is" WC="0.78" CC="03"/>
						<SP ID="P5_SP00320" HPOS="341" VPOS="3498" WIDTH="7"/>
						<String ID="P5_ST00394" HPOS="348" VPOS="3475" WIDTH="83" HEIGHT="29" CONTENT="hungry" WC="1.00" CC="000040"/>
						<SP ID="P5_SP00321" HPOS="431" VPOS="3504" WIDTH="9"/>
						<String ID="P5_ST00395" HPOS="440" VPOS="3474" WIDTH="39" HEIGHT="24" CONTENT="for," WC="1.00" CC="0000"/>
						<SP ID="P5_SP00322" HPOS="479" VPOS="3504" WIDTH="7"/>
						<String ID="P5_ST00396" HPOS="486" VPOS="3474" WIDTH="35" HEIGHT="22" CONTENT="the" WC="0.98" CC="050"/>
						<SP ID="P5_SP00323" HPOS="521" VPOS="3504" WIDTH="9"/>
						<String ID="P5_ST00397" HPOS="530" VPOS="3473" WIDTH="38" HEIGHT="22" CONTENT="fire" WC="0.99" CC="3000"/>
						<SP ID="P5_SP00324" HPOS="568" VPOS="3504" WIDTH="6"/>
						<String ID="P5_ST00398" HPOS="574" VPOS="3472" WIDTH="28" HEIGHT="23" CONTENT="of" WC="1.00" CC="00"/>
						<SP ID="P5_SP00325" HPOS="602" VPOS="3504" WIDTH="5"/>
						<String ID="P5_ST00399" HPOS="607" VPOS="3480" WIDTH="11" HEIGHT="14" CONTENT="a" WC="0.54" CC="4"/>
					</TextLine>
					<TextLine ID="P5_TL00075" HPOS="150" VPOS="3514" WIDTH="237" HEIGHT="28">
						<String ID="P5_ST00400" HPOS="150" VPOS="3514" WIDTH="95" HEIGHT="28" CONTENT="political" WC="1.00" CC="000000500"/>
						<SP ID="P5_SP00326" HPOS="245" VPOS="3542" WIDTH="10"/>
						<String ID="P5_ST00401" HPOS="255" VPOS="3517" WIDTH="132" HEIGHT="19" CONTENT="movement." WC="1.00" CC="200000510"/>
					</TextLine>
					<TextLine ID="P5_TL00076" HPOS="192" VPOS="3548" WIDTH="426" HEIGHT="30">
						<String ID="P5_ST00402" HPOS="192" VPOS="3552" WIDTH="65" HEIGHT="22" CONTENT="Since" WC="1.00" CC="00000"/>
						<SP ID="P5_SP00327" HPOS="257" VPOS="3574" WIDTH="17"/>
						<String ID="P5_ST00403" HPOS="274" VPOS="3551" WIDTH="33" HEIGHT="22" CONTENT="his" WC="0.98" CC="230"/>
						<SP ID="P5_SP00328" HPOS="307" VPOS="3574" WIDTH="15"/>
						<String ID="P5_ST00404" HPOS="322" VPOS="3551" WIDTH="102" HEIGHT="23" CONTENT="election," WC="1.00" CC="000203000"/>
						<SP ID="P5_SP00329" HPOS="424" VPOS="3574" WIDTH="16"/>
						<String ID="P5_ST00405" HPOS="440" VPOS="3548" WIDTH="99" HEIGHT="30" CONTENT="hipsters'" WC="1.00" CC="000000001"/>
						<SP ID="P5_SP00330" HPOS="539" VPOS="3578" WIDTH="16"/>
						<String ID="P5_ST00406" HPOS="555" VPOS="3550" WIDTH="63" HEIGHT="20" CONTENT="naive" WC="0.98" CC="10701"/>
					</TextLine>
					<TextLine ID="P5_TL00077" HPOS="149" VPOS="3586" WIDTH="469" HEIGHT="33">
						<String ID="P5_ST00407" HPOS="149" VPOS="3590" WIDTH="89" HEIGHT="29" CONTENT="passion" WC="0.99" CC="0090420"/>
						<SP ID="P5_SP00331" HPOS="238" VPOS="3619" WIDTH="12"/>
						<String ID="P5_ST00408" HPOS="250" VPOS="3589" WIDTH="34" HEIGHT="22" CONTENT="for" WC="0.98" CC="400"/>
						<SP ID="P5_SP00332" HPOS="284" VPOS="3619" WIDTH="10"/>
						<String ID="P5_ST00409" HPOS="294" VPOS="3589" WIDTH="87" HEIGHT="22" CONTENT="Obama" WC="0.70" CC="05090"/>
						<SP ID="P5_SP00333" HPOS="381" VPOS="3619" WIDTH="11"/>
						<String ID="P5_ST00410" HPOS="392" VPOS="3588" WIDTH="38" HEIGHT="22" CONTENT="has" WC="1.00" CC="000"/>
						<SP ID="P5_SP00334" HPOS="430" VPOS="3619" WIDTH="12"/>
						<String ID="P5_ST00411" HPOS="442" VPOS="3586" WIDTH="77" HEIGHT="23" CONTENT="waned" WC="1.00" CC="00000"/>
						<SP ID="P5_SP00335" HPOS="519" VPOS="3619" WIDTH="11"/>
						<String ID="P5_ST00412" HPOS="530" VPOS="3593" WIDTH="23" HEIGHT="15" CONTENT="as" WC="1.00" CC="00"/>
						<SP ID="P5_SP00336" HPOS="553" VPOS="3619" WIDTH="12"/>
						<String ID="P5_ST00413" HPOS="565" VPOS="3586" WIDTH="53" HEIGHT="22" CONTENT="their" WC="0.99" CC="02012"/>
					</TextLine>
					<TextLine ID="P5_TL00078" HPOS="149" VPOS="3623" WIDTH="469" HEIGHT="33">
						<String ID="P5_ST00414" HPOS="149" VPOS="3627" WIDTH="83" HEIGHT="29" CONTENT="revelry" WC="0.99" CC="0200009"/>
						<SP ID="P5_SP00337" HPOS="232" VPOS="3656" WIDTH="8"/>
						<String ID="P5_ST00415" HPOS="240" VPOS="3627" WIDTH="39" HEIGHT="22" CONTENT="has" WC="0.98" CC="040"/>
						<SP ID="P5_SP00338" HPOS="279" VPOS="3656" WIDTH="7"/>
						<String ID="P5_ST00416" HPOS="286" VPOS="3633" WIDTH="28" HEIGHT="16" CONTENT="no" WC="0.72" CC="23"/>
						<SP ID="P5_SP00339" HPOS="314" VPOS="3656" WIDTH="6"/>
						<String ID="P5_ST00417" HPOS="320" VPOS="3626" WIDTH="62" HEIGHT="30" CONTENT="place" WC="1.00" CC="02000"/>
						<SP ID="P5_SP00340" HPOS="382" VPOS="3656" WIDTH="8"/>
						<String ID="P5_ST00418" HPOS="390" VPOS="3626" WIDTH="21" HEIGHT="22" CONTENT="in" WC="0.68" CC="60"/>
						<SP ID="P5_SP00341" HPOS="411" VPOS="3656" WIDTH="7"/>
						<String ID="P5_ST00419" HPOS="418" VPOS="3625" WIDTH="41" HEIGHT="28" CONTENT="day" WC="1.00" CC="000"/>
						<SP ID="P5_SP00342" HPOS="459" VPOS="3656" WIDTH="7"/>
						<String ID="P5_ST00420" HPOS="466" VPOS="3629" WIDTH="23" HEIGHT="18" CONTENT="to" WC="1.00" CC="00"/>
						<SP ID="P5_SP00343" HPOS="489" VPOS="3656" WIDTH="6"/>
						<String ID="P5_ST00421" HPOS="495" VPOS="3625" WIDTH="41" HEIGHT="28" CONTENT="day" WC="0.98" CC="050"/>
						<SP ID="P5_SP00344" HPOS="536" VPOS="3656" WIDTH="8"/>
						<String ID="P5_ST00422" HPOS="544" VPOS="3623" WIDTH="74" HEIGHT="23" CONTENT="affairs" WC="0.98" CC="4744060"/>
					</TextLine>
					<TextLine ID="P5_TL00079" HPOS="149" VPOS="3662" WIDTH="469" HEIGHT="32">
						<String ID="P5_ST00423" HPOS="149" VPOS="3665" WIDTH="27" HEIGHT="22" CONTENT="of" WC="0.77" CC="04"/>
						<SP ID="P5_SP00345" HPOS="176" VPOS="3687" WIDTH="5"/>
						<String ID="P5_ST00424" HPOS="181" VPOS="3669" WIDTH="144" HEIGHT="25" CONTENT="government" WC="1.00" CC="0300000100"/>
						<SP ID="P5_SP00346" HPOS="325" VPOS="3694" WIDTH="7"/>
						<String ID="P5_ST00425" HPOS="332" VPOS="3671" WIDTH="25" HEIGHT="15" CONTENT="or" WC="1.00" CC="00"/>
						<SP ID="P5_SP00347" HPOS="357" VPOS="3694" WIDTH="14"/>
						<String ID="P5_ST00426" HPOS="371" VPOS="3669" WIDTH="60" HEIGHT="17" CONTENT="more" WC="1.00" CC="0000"/>
						<SP ID="P5_SP00348" HPOS="431" VPOS="3694" WIDTH="9"/>
						<String ID="P5_ST00427" HPOS="440" VPOS="3662" WIDTH="83" HEIGHT="23" CONTENT="serious" WC="1.00" CC="0000300"/>
						<SP ID="P5_SP00349" HPOS="523" VPOS="3694" WIDTH="8"/>
						<String ID="P5_ST00428" HPOS="531" VPOS="3665" WIDTH="87" HEIGHT="19" CONTENT="matters" WC="1.00" CC="0002000"/>
					</TextLine>
					<TextLine ID="P5_TL00080" HPOS="150" VPOS="3700" WIDTH="382" HEIGHT="30">
						<String ID="P5_ST00429" HPOS="150" VPOS="3703" WIDTH="43" HEIGHT="22" CONTENT="like" WC="1.00" CC="0100"/>
						<SP ID="P5_SP00350" HPOS="193" VPOS="3725" WIDTH="9"/>
						<String ID="P5_ST00430" HPOS="202" VPOS="3702" WIDTH="121" HEIGHT="22" CONTENT="healthcare" WC="0.99" CC="5000050051"/>
						<SP ID="P5_SP00351" HPOS="323" VPOS="3725" WIDTH="9"/>
						<String ID="P5_ST00431" HPOS="332" VPOS="3702" WIDTH="43" HEIGHT="22" CONTENT="and" WC="1.00" CC="100"/>
						<SP ID="P5_SP00352" HPOS="375" VPOS="3725" WIDTH="6"/>
						<String ID="P5_ST00432" HPOS="381" VPOS="3700" WIDTH="151" HEIGHT="30" CONTENT="Afghanistan." WC="1.00" CC="000005000000"/>
					</TextLine>
					<TextLine ID="P5_TL00081" HPOS="192" VPOS="3736" WIDTH="426" HEIGHT="33">
						<String ID="P5_ST00433" HPOS="192" VPOS="3741" WIDTH="98" HEIGHT="28" CONTENT="Hipsters" WC="1.00" CC="00000150"/>
						<SP ID="P5_SP00353" HPOS="290" VPOS="3769" WIDTH="29"/>
						<String ID="P5_ST00434" HPOS="319" VPOS="3739" WIDTH="65" HEIGHT="23" CONTENT="voted" WC="1.00" CC="00000"/>
						<SP ID="P5_SP00354" HPOS="384" VPOS="3769" WIDTH="29"/>
						<String ID="P5_ST00435" HPOS="413" VPOS="3738" WIDTH="34" HEIGHT="22" CONTENT="for" WC="0.97" CC="420"/>
						<SP ID="P5_SP00355" HPOS="447" VPOS="3769" WIDTH="28"/>
						<String ID="P5_ST00436" HPOS="475" VPOS="3737" WIDTH="71" HEIGHT="29" CONTENT="magic" WC="1.00" CC="00000"/>
						<SP ID="P5_SP00356" HPOS="546" VPOS="3769" WIDTH="29"/>
						<String ID="P5_ST00437" HPOS="575" VPOS="3736" WIDTH="43" HEIGHT="22" CONTENT="and" WC="0.99" CC="010"/>
					</TextLine>
					<TextLine ID="P5_TL00082" HPOS="149" VPOS="3774" WIDTH="469" HEIGHT="31">
						<String ID="P5_ST00438" HPOS="149" VPOS="3779" WIDTH="100" HEIGHT="22" CONTENT="received" WC="1.00" CC="00003000"/>
						<SP ID="P5_SP00357" HPOS="249" VPOS="3801" WIDTH="26"/>
						<String ID="P5_ST00439" HPOS="275" VPOS="3778" WIDTH="149" HEIGHT="27" CONTENT="bureaucracy." WC="1.00" CC="000000000700"/>
						<SP ID="P5_SP00358" HPOS="424" VPOS="3805" WIDTH="25"/>
						<String ID="P5_ST00440" HPOS="449" VPOS="3775" WIDTH="60" HEIGHT="29" CONTENT="They" WC="0.99" CC="0400"/>
						<SP ID="P5_SP00359" HPOS="509" VPOS="3805" WIDTH="26"/>
						<String ID="P5_ST00441" HPOS="535" VPOS="3774" WIDTH="83" HEIGHT="29" CONTENT="proved" WC="1.00" CC="000000"/>
					</TextLine>
					<TextLine ID="P5_TL00083" HPOS="149" VPOS="3812" WIDTH="468" HEIGHT="33">
						<String ID="P5_ST00442" HPOS="149" VPOS="3816" WIDTH="57" HEIGHT="23" CONTENT="what" WC="0.99" CC="0500"/>
						<SP ID="P5_SP00360" HPOS="206" VPOS="3839" WIDTH="12"/>
						<String ID="P5_ST00443" HPOS="218" VPOS="3816" WIDTH="50" HEIGHT="29" CONTENT="they" WC="1.00" CC="0000"/>
						<SP ID="P5_SP00361" HPOS="268" VPOS="3845" WIDTH="13"/>
						<String ID="P5_ST00444" HPOS="281" VPOS="3815" WIDTH="91" HEIGHT="22" CONTENT="wanted:" WC="1.00" CC="0000000"/>
						<SP ID="P5_SP00362" HPOS="372" VPOS="3845" WIDTH="13"/>
						<String ID="P5_ST00445" HPOS="385" VPOS="3820" WIDTH="40" HEIGHT="16" CONTENT="our" WC="0.99" CC="300"/>
						<SP ID="P5_SP00363" HPOS="425" VPOS="3845" WIDTH="11"/>
						<String ID="P5_ST00446" HPOS="436" VPOS="3813" WIDTH="124" HEIGHT="29" CONTENT="generation" WC="0.99" CC="9002100070"/>
						<SP ID="P5_SP00364" HPOS="560" VPOS="3845" WIDTH="13"/>
						<String ID="P5_ST00447" HPOS="573" VPOS="3812" WIDTH="44" HEIGHT="22" CONTENT="will" WC="0.99" CC="0300"/>
					</TextLine>
					<TextLine ID="P5_TL00084" HPOS="148" VPOS="3851" WIDTH="349" HEIGHT="30">
						<String ID="P5_ST00448" HPOS="148" VPOS="3854" WIDTH="56" HEIGHT="22" CONTENT="elect" WC="1.00" CC="10000"/>
						<SP ID="P5_SP00365" HPOS="204" VPOS="3876" WIDTH="8"/>
						<String ID="P5_ST00449" HPOS="212" VPOS="3854" WIDTH="36" HEIGHT="22" CONTENT="the" WC="0.97" CC="312"/>
						<SP ID="P5_SP00366" HPOS="248" VPOS="3876" WIDTH="10"/>
						<String ID="P5_ST00450" HPOS="258" VPOS="3853" WIDTH="44" HEIGHT="22" CONTENT="first" WC="0.99" CC="00060"/>
						<SP ID="P5_SP00367" HPOS="302" VPOS="3876" WIDTH="8"/>
						<String ID="P5_ST00451" HPOS="310" VPOS="3852" WIDTH="64" HEIGHT="23" CONTENT="black" WC="0.99" CC="00550"/>
						<SP ID="P5_SP00368" HPOS="374" VPOS="3876" WIDTH="9"/>
						<String ID="P5_ST00452" HPOS="383" VPOS="3851" WIDTH="114" HEIGHT="30" CONTENT="president." WC="1.00" CC="0000000330"/>
					</TextLine>
					<TextLine ID="P5_TL00085" HPOS="192" VPOS="3887" WIDTH="426" HEIGHT="30">
						<String ID="P5_ST00453" HPOS="192" VPOS="3892" WIDTH="41" HEIGHT="21" CONTENT="But" WC="1.00" CC="000"/>
						<SP ID="P5_SP00369" HPOS="233" VPOS="3913" WIDTH="8"/>
						<String ID="P5_ST00454" HPOS="241" VPOS="3898" WIDTH="51" HEIGHT="15" CONTENT="now" WC="0.99" CC="300"/>
						<SP ID="P5_SP00370" HPOS="292" VPOS="3913" WIDTH="8"/>
						<String ID="P5_ST00455" HPOS="300" VPOS="3890" WIDTH="58" HEIGHT="22" CONTENT="what" WC="1.00" CC="0000"/>
						<SP ID="P5_SP00371" HPOS="358" VPOS="3913" WIDTH="10"/>
						<String ID="P5_ST00456" HPOS="368" VPOS="3903" WIDTH="24" HEIGHT="3" CONTENT="—" WC="0.20" CC="8"/>
						<SP ID="P5_SP00372" HPOS="392" VPOS="3913" WIDTH="11"/>
						<String ID="P5_ST00457" HPOS="403" VPOS="3896" WIDTH="45" HEIGHT="15" CONTENT="was" WC="0.96" CC="009"/>
						<SP ID="P5_SP00373" HPOS="448" VPOS="3913" WIDTH="9"/>
						<String ID="P5_ST00458" HPOS="457" VPOS="3889" WIDTH="14" HEIGHT="22" CONTENT="it" WC="0.73" CC="50"/>
						<SP ID="P5_SP00374" HPOS="471" VPOS="3913" WIDTH="5"/>
						<String ID="P5_ST00459" HPOS="476" VPOS="3888" WIDTH="45" HEIGHT="29" CONTENT="just" WC="0.97" CC="0094"/>
						<SP ID="P5_SP00375" HPOS="521" VPOS="3917" WIDTH="8"/>
						<String ID="P5_ST00460" HPOS="529" VPOS="3887" WIDTH="89" HEIGHT="23" CONTENT="another" WC="0.99" CC="0050030"/>
					</TextLine>
					<TextLine ID="P5_TL00086" HPOS="149" VPOS="3925" WIDTH="467" HEIGHT="32">
						<String ID="P5_ST00461" HPOS="149" VPOS="3929" WIDTH="94" HEIGHT="24" CONTENT="theatric," WC="1.00" CC="030003000"/>
						<SP ID="P5_SP00376" HPOS="243" VPOS="3953" WIDTH="12"/>
						<String ID="P5_ST00462" HPOS="255" VPOS="3936" WIDTH="13" HEIGHT="15" CONTENT="a" WC="0.59" CC="4"/>
						<SP ID="P5_SP00377" HPOS="268" VPOS="3953" WIDTH="11"/>
						<String ID="P5_ST00463" HPOS="279" VPOS="3935" WIDTH="48" HEIGHT="22" CONTENT="way" WC="1.00" CC="000"/>
						<SP ID="P5_SP00378" HPOS="327" VPOS="3957" WIDTH="11"/>
						<String ID="P5_ST00464" HPOS="338" VPOS="3928" WIDTH="26" HEIGHT="23" CONTENT="of" WC="0.74" CC="31"/>
						<SP ID="P5_SP00379" HPOS="364" VPOS="3957" WIDTH="9"/>
						<String ID="P5_ST00465" HPOS="373" VPOS="3926" WIDTH="125" HEIGHT="29" CONTENT="debunking" WC="1.00" CC="003010000"/>
						<SP ID="P5_SP00380" HPOS="498" VPOS="3957" WIDTH="12"/>
						<String ID="P5_ST00466" HPOS="510" VPOS="3926" WIDTH="35" HEIGHT="22" CONTENT="the" WC="0.99" CC="100"/>
						<SP ID="P5_SP00381" HPOS="545" VPOS="3957" WIDTH="12"/>
						<String ID="P5_ST00467" HPOS="557" VPOS="3925" WIDTH="59" HEIGHT="22" CONTENT="Bush" WC="1.00" CC="0000"/>
					</TextLine>
					<TextLine ID="P5_TL00087" HPOS="148" VPOS="3963" WIDTH="468" HEIGHT="31">
						<String ID="P5_ST00468" HPOS="148" VPOS="3967" WIDTH="157" HEIGHT="22" CONTENT="conservatism" WC="1.00" CC="700000004000"/>
						<SP ID="P5_SP00382" HPOS="305" VPOS="3989" WIDTH="9"/>
						<String ID="P5_ST00469" HPOS="314" VPOS="3973" WIDTH="65" HEIGHT="21" CONTENT="many" WC="0.99" CC="0050"/>
						<SP ID="P5_SP00383" HPOS="379" VPOS="3994" WIDTH="7"/>
						<String ID="P5_ST00470" HPOS="386" VPOS="3965" WIDTH="27" HEIGHT="23" CONTENT="of" WC="0.80" CC="30"/>
						<SP ID="P5_SP00384" HPOS="413" VPOS="3994" WIDTH="5"/>
						<String ID="P5_ST00471" HPOS="418" VPOS="3965" WIDTH="59" HEIGHT="22" CONTENT="these" WC="0.98" CC="30074"/>
						<SP ID="P5_SP00385" HPOS="477" VPOS="3994" WIDTH="8"/>
						<String ID="P5_ST00472" HPOS="485" VPOS="3963" WIDTH="67" HEIGHT="29" CONTENT="youth" WC="1.00" CC="00101"/>
						<SP ID="P5_SP00386" HPOS="552" VPOS="3994" WIDTH="8"/>
						<String ID="P5_ST00473" HPOS="560" VPOS="3969" WIDTH="56" HEIGHT="15" CONTENT="were" WC="1.00" CC="0000"/>
					</TextLine>
					<TextLine ID="P5_TL00088" HPOS="149" VPOS="4005" WIDTH="121" HEIGHT="22">
						<String ID="P5_ST00474" HPOS="149" VPOS="4005" WIDTH="53" HEIGHT="22" CONTENT="bom" WC="0.98" CC="014"/>
						<SP ID="P5_SP00387" HPOS="202" VPOS="4027" WIDTH="9"/>
						<String ID="P5_ST00475" HPOS="211" VPOS="4005" WIDTH="59" HEIGHT="22" CONTENT="into?" WC="1.00" CC="10001"/>
					</TextLine>
					<TextLine ID="P5_TL00089" HPOS="189" VPOS="4039" WIDTH="427" HEIGHT="32">
						<String ID="P5_ST00476" HPOS="189" VPOS="4043" WIDTH="47" HEIGHT="22" CONTENT="The" WC="1.00" CC="000"/>
						<SP ID="P5_SP00388" HPOS="236" VPOS="4065" WIDTH="7"/>
						<String ID="P5_ST00477" HPOS="243" VPOS="4041" WIDTH="100" HEIGHT="30" CONTENT="hipsters'" WC="1.00" CC="000700000"/>
						<SP ID="P5_SP00389" HPOS="343" VPOS="4071" WIDTH="8"/>
						<String ID="P5_ST00478" HPOS="351" VPOS="4040" WIDTH="113" HEIGHT="23" CONTENT="weakness" WC="1.00" CC="02040000"/>
						<SP ID="P5_SP00390" HPOS="464" VPOS="4071" WIDTH="9"/>
						<String ID="P5_ST00479" HPOS="473" VPOS="4039" WIDTH="18" HEIGHT="22" CONTENT="is" WC="1.00" CC="00"/>
						<SP ID="P5_SP00391" HPOS="491" VPOS="4071" WIDTH="7"/>
						<String ID="P5_ST00480" HPOS="498" VPOS="4045" WIDTH="82" HEIGHT="22" CONTENT="proven" WC="1.00" CC="003000"/>
						<SP ID="P5_SP00392" HPOS="580" VPOS="4071" WIDTH="8"/>
						<String ID="P5_ST00481" HPOS="588" VPOS="4039" WIDTH="28" HEIGHT="28" CONTENT="by" WC="0.76" CC="40"/>
					</TextLine>
					<TextLine ID="P5_TL00090" HPOS="148" VPOS="4076" WIDTH="468" HEIGHT="29">
						<String ID="P5_ST00482" HPOS="148" VPOS="4080" WIDTH="54" HEIGHT="23" CONTENT="their" WC="0.98" CC="05063"/>
						<SP ID="P5_SP00393" HPOS="202" VPOS="4103" WIDTH="12"/>
						<String ID="P5_ST00483" HPOS="214" VPOS="4079" WIDTH="134" HEIGHT="23" CONTENT="enthusiasm" WC="1.00" CC="0003000000"/>
						<SP ID="P5_SP00394" HPOS="348" VPOS="4103" WIDTH="14"/>
						<String ID="P5_ST00484" HPOS="362" VPOS="4083" WIDTH="22" HEIGHT="17" CONTENT="to" WC="0.79" CC="04"/>
						<SP ID="P5_SP00395" HPOS="384" VPOS="4103" WIDTH="13"/>
						<String ID="P5_ST00485" HPOS="397" VPOS="4077" WIDTH="58" HEIGHT="28" CONTENT="rally," WC="1.00" CC="000300"/>
						<SP ID="P5_SP00396" HPOS="455" VPOS="4105" WIDTH="14"/>
						<String ID="P5_ST00486" HPOS="469" VPOS="4076" WIDTH="105" HEIGHT="23" CONTENT="followed" WC="0.99" CC="10602900"/>
						<SP ID="P5_SP00397" HPOS="574" VPOS="4105" WIDTH="14"/>
						<String ID="P5_ST00487" HPOS="588" VPOS="4076" WIDTH="28" HEIGHT="29" CONTENT="by" WC="0.65" CC="60"/>
					</TextLine>
					<TextLine ID="P5_TL00091" HPOS="148" VPOS="4117" WIDTH="306" HEIGHT="29">
						<String ID="P5_ST00488" HPOS="148" VPOS="4118" WIDTH="54" HEIGHT="22" CONTENT="their" WC="0.99" CC="05000"/>
						<SP ID="P5_SP00398" HPOS="202" VPOS="4140" WIDTH="8"/>
						<String ID="P5_ST00489" HPOS="210" VPOS="4117" WIDTH="125" HEIGHT="29" CONTENT="propensity" WC="1.00" CC="0040100030"/>
						<SP ID="P5_SP00399" HPOS="335" VPOS="4146" WIDTH="8"/>
						<String ID="P5_ST00490" HPOS="343" VPOS="4121" WIDTH="23" HEIGHT="18" CONTENT="to" WC="1.00" CC="00"/>
						<SP ID="P5_SP00400" HPOS="366" VPOS="4146" WIDTH="8"/>
						<String ID="P5_ST00491" HPOS="374" VPOS="4118" WIDTH="80" HEIGHT="20" CONTENT="retreat." WC="1.00" CC="00000000"/>
					</TextLine>
				</TextBlock>
				<TextBlock ID="P5_TB00006" HPOS="1704" VPOS="569" WIDTH="980" HEIGHT="393" STYLEREFS="TXT_0 PAR_LEFT">
					<TextLine ID="P5_TL00092" HPOS="1704" VPOS="570" WIDTH="980" HEIGHT="155">
						<String ID="P5_ST00492" HPOS="1704" VPOS="573" WIDTH="69" HEIGHT="135" CONTENT="A" WC="0.83" CC="1"/>
						<SP ID="P5_SP00401" HPOS="1773" VPOS="708" WIDTH="38"/>
						<String ID="P5_ST00493" HPOS="1811" VPOS="573" WIDTH="281" HEIGHT="152" CONTENT="(non)" WC="0.89" CC="00500"/>
						<SP ID="P5_SP00402" HPOS="2092" VPOS="725" WIDTH="40"/>
						<String ID="P5_ST00494" HPOS="2132" VPOS="570" WIDTH="552" HEIGHT="138" CONTENT="Christmas" WC="1.00" CC="040024000"/>
					</TextLine>
					<TextLine ID="P5_TL00093" HPOS="2048" VPOS="793" WIDTH="291" HEIGHT="169">
						<String ID="P5_ST00495" HPOS="2048" VPOS="793" WIDTH="291" HEIGHT="169" CONTENT="Story" WC="1.00" CC="02010"/>
					</TextLine>
				</TextBlock>
				<TextBlock ID="P5_TB00007" HPOS="2102" VPOS="1799" WIDTH="377" HEIGHT="156" STYLEREFS="TXT_0 PAR_LEFT">
					<TextLine ID="P5_TL00094" HPOS="2102" VPOS="1799" WIDTH="377" HEIGHT="32">
						<String ID="P5_ST00496" HPOS="2102" VPOS="1801" WIDTH="41" HEIGHT="30" CONTENT="By" WC="1.00" CC="00"/>
						<SP ID="P5_SP00403" HPOS="2143" VPOS="1831" WIDTH="12"/>
						<String ID="P5_ST00497" HPOS="2155" VPOS="1799" WIDTH="146" HEIGHT="26" CONTENT="JESSICA" WC="0.99" CC="6100400"/>
						<SP ID="P5_SP00404" HPOS="2301" VPOS="1831" WIDTH="14"/>
						<String ID="P5_ST00498" HPOS="2315" VPOS="1799" WIDTH="164" HEIGHT="26" CONTENT="BURROLA" WC="0.92" CC="0400000"/>
					</TextLine>
					<TextLine ID="P5_TL00095" HPOS="2188" VPOS="1847" WIDTH="205" HEIGHT="26">
						<String ID="P5_ST00499" HPOS="2188" VPOS="1847" WIDTH="132" HEIGHT="26" CONTENT="Contributing" WC="0.99" CC="060600406002"/>
						<SP ID="P5_SP00405" HPOS="2320" VPOS="1873" WIDTH="6"/>
						<String ID="P5_ST00500" HPOS="2326" VPOS="1847" WIDTH="67" HEIGHT="20" CONTENT="Writer" WC="0.99" CC="000151"/>
					</TextLine>
					<TextLine ID="P5_TL00096" HPOS="2150" VPOS="1930" WIDTH="278" HEIGHT="25">
						<String ID="P5_ST00501" HPOS="2150" VPOS="1930" WIDTH="90" HEIGHT="25" CONTENT="Graphic" WC="0.99" CC="0000333"/>
						<SP ID="P5_SP00406" HPOS="2240" VPOS="1955" WIDTH="10"/>
						<String ID="P5_ST00502" HPOS="2250" VPOS="1931" WIDTH="27" HEIGHT="24" CONTENT="by" WC="0.95" CC="00"/>
						<SP ID="P5_SP00407" HPOS="2277" VPOS="1955" WIDTH="9"/>
						<String ID="P5_ST00503" HPOS="2286" VPOS="1930" WIDTH="74" HEIGHT="21" CONTENT="Kaitlin" WC="0.71" CC="2530132"/>
						<SP ID="P5_SP00408" HPOS="2360" VPOS="1955" WIDTH="11"/>
						<String ID="P5_ST00504" HPOS="2371" VPOS="1930" WIDTH="57" HEIGHT="25" CONTENT="Riley" WC="0.98" CC="53020"/>
					</TextLine>
				</TextBlock>
				<TextBlock ID="P5_TB00008" HPOS="665" VPOS="2000" WIDTH="469" HEIGHT="418" STYLEREFS="TXT_0 PAR_BLOCK">
					<TextLine ID="P5_TL00097" HPOS="709" VPOS="2014" WIDTH="425" HEIGHT="29">
						<String ID="P5_ST00505" HPOS="709" VPOS="2015" WIDTH="81" HEIGHT="28" CONTENT="During" WC="1.00" CC="020000"/>
						<SP ID="P5_SP00409" HPOS="790" VPOS="2043" WIDTH="20"/>
						<String ID="P5_ST00506" HPOS="810" VPOS="2014" WIDTH="34" HEIGHT="22" CONTENT="the" WC="0.96" CC="460"/>
						<SP ID="P5_SP00410" HPOS="844" VPOS="2043" WIDTH="19"/>
						<String ID="P5_ST00507" HPOS="863" VPOS="2014" WIDTH="86" HEIGHT="29" CONTENT="holiday" WC="1.00" CC="0001050"/>
						<SP ID="P5_SP00411" HPOS="949" VPOS="2043" WIDTH="19"/>
						<String ID="P5_ST00508" HPOS="968" VPOS="2021" WIDTH="84" HEIGHT="17" CONTENT="season," WC="0.99" CC="0076120"/>
						<SP ID="P5_SP00412" HPOS="1052" VPOS="2043" WIDTH="19"/>
						<String ID="P5_ST00509" HPOS="1071" VPOS="2021" WIDTH="63" HEIGHT="22" CONTENT="many" WC="0.99" CC="0050"/>
					</TextLine>
					<TextLine ID="P5_TL00098" HPOS="667" VPOS="2057" WIDTH="467" HEIGHT="27">
						<String ID="P5_ST00510" HPOS="667" VPOS="2057" WIDTH="94" HEIGHT="22" CONTENT="students" WC="1.00" CC="00000070"/>
						<SP ID="P5_SP00413" HPOS="761" VPOS="2079" WIDTH="23"/>
						<String ID="P5_ST00511" HPOS="784" VPOS="2057" WIDTH="41" HEIGHT="21" CONTENT="and" WC="1.00" CC="000"/>
						<SP ID="P5_SP00414" HPOS="825" VPOS="2079" WIDTH="23"/>
						<String ID="P5_ST00512" HPOS="848" VPOS="2057" WIDTH="79" HEIGHT="27" CONTENT="faculty" WC="0.99" CC="4340020"/>
						<SP ID="P5_SP00415" HPOS="927" VPOS="2084" WIDTH="22"/>
						<String ID="P5_ST00513" HPOS="949" VPOS="2062" WIDTH="34" HEIGHT="17" CONTENT="are" WC="1.00" CC="000"/>
						<SP ID="P5_SP00416" HPOS="983" VPOS="2084" WIDTH="23"/>
						<String ID="P5_ST00514" HPOS="1006" VPOS="2057" WIDTH="128" HEIGHT="27" CONTENT="celebrating" WC="1.00" CC="73010001300"/>
					</TextLine>
					<TextLine ID="P5_TL00099" HPOS="666" VPOS="2098" WIDTH="468" HEIGHT="29">
						<String ID="P5_ST00515" HPOS="666" VPOS="2098" WIDTH="118" HEIGHT="22" CONTENT="Christmas" WC="0.99" CC="100002970"/>
						<SP ID="P5_SP00417" HPOS="784" VPOS="2120" WIDTH="13"/>
						<String ID="P5_ST00516" HPOS="797" VPOS="2098" WIDTH="51" HEIGHT="22" CONTENT="with" WC="0.98" CC="8000"/>
						<SP ID="P5_SP00418" HPOS="848" VPOS="2120" WIDTH="13"/>
						<String ID="P5_ST00517" HPOS="861" VPOS="2098" WIDTH="102" HEIGHT="22" CONTENT="activities" WC="1.00" CC="0200007300"/>
						<SP ID="P5_SP00419" HPOS="963" VPOS="2120" WIDTH="14"/>
						<String ID="P5_ST00518" HPOS="977" VPOS="2098" WIDTH="117" HEIGHT="29" CONTENT="sponsored" WC="1.00" CC="000204000"/>
						<SP ID="P5_SP00420" HPOS="1094" VPOS="2127" WIDTH="13"/>
						<String ID="P5_ST00519" HPOS="1107" VPOS="2098" WIDTH="27" HEIGHT="29" CONTENT="by" WC="1.00" CC="00"/>
					</TextLine>
					<TextLine ID="P5_TL00100" HPOS="668" VPOS="2140" WIDTH="251" HEIGHT="28">
						<String ID="P5_ST00520" HPOS="668" VPOS="2140" WIDTH="82" HEIGHT="28" CONTENT="Loyola" WC="0.99" CC="350200"/>
						<SP ID="P5_SP00421" HPOS="750" VPOS="2168" WIDTH="7"/>
						<String ID="P5_ST00521" HPOS="757" VPOS="2140" WIDTH="162" HEIGHT="28" CONTENT="organizations." WC="0.99" CC="60790056545000"/>
					</TextLine>
					<TextLine ID="P5_TL00101" HPOS="709" VPOS="2181" WIDTH="406" HEIGHT="29">
						<String ID="P5_ST00522" HPOS="709" VPOS="2181" WIDTH="121" HEIGHT="29" CONTENT="University" WC="1.00" CC="0000029020"/>
						<SP ID="P5_SP00422" HPOS="830" VPOS="2210" WIDTH="26"/>
						<String ID="P5_ST00523" HPOS="856" VPOS="2181" WIDTH="161" HEIGHT="29" CONTENT="Programming" WC="0.99" CC="18904099000"/>
						<SP ID="P5_SP00423" HPOS="1017" VPOS="2210" WIDTH="27"/>
						<String ID="P5_ST00524" HPOS="1044" VPOS="2181" WIDTH="71" HEIGHT="22" CONTENT="Board" WC="0.99" CC="00280"/>
					</TextLine>
					<TextLine ID="P5_TL00102" HPOS="666" VPOS="2222" WIDTH="455" HEIGHT="29">
						<String ID="P5_ST00525" HPOS="666" VPOS="2223" WIDTH="75" HEIGHT="22" CONTENT="hosted" WC="1.00" CC="000120"/>
						<SP ID="P5_SP00424" HPOS="741" VPOS="2245" WIDTH="32"/>
						<String ID="P5_ST00526" HPOS="773" VPOS="2229" WIDTH="13" HEIGHT="16" CONTENT="a" WC="1.00" CC="0"/>
						<SP ID="P5_SP00425" HPOS="786" VPOS="2245" WIDTH="32"/>
						<String ID="P5_ST00527" HPOS="818" VPOS="2222" WIDTH="119" HEIGHT="23" CONTENT="Christmas" WC="1.00" CC="000000007"/>
						<SP ID="P5_SP00426" HPOS="937" VPOS="2245" WIDTH="32"/>
						<String ID="P5_ST00528" HPOS="969" VPOS="2222" WIDTH="61" HEIGHT="23" CONTENT="trivia" WC="1.00" CC="000000"/>
						<SP ID="P5_SP00427" HPOS="1030" VPOS="2245" WIDTH="32"/>
						<String ID="P5_ST00529" HPOS="1062" VPOS="2222" WIDTH="59" HEIGHT="29" CONTENT="night" WC="1.00" CC="00010"/>
					</TextLine>
					<TextLine ID="P5_TL00103" HPOS="666" VPOS="2265" WIDTH="462" HEIGHT="28">
						<String ID="P5_ST00530" HPOS="666" VPOS="2265" WIDTH="139" HEIGHT="28" CONTENT="Wednesday," WC="1.00" CC="3003000000"/>
						<SP ID="P5_SP00428" HPOS="805" VPOS="2293" WIDTH="25"/>
						<String ID="P5_ST00531" HPOS="830" VPOS="2265" WIDTH="52" HEIGHT="22" CONTENT="Dec." WC="0.99" CC="0030"/>
						<SP ID="P5_SP00429" HPOS="882" VPOS="2293" WIDTH="25"/>
						<String ID="P5_ST00532" HPOS="907" VPOS="2265" WIDTH="15" HEIGHT="21" CONTENT="9" WC="0.48" CC="5"/>
						<SP ID="P5_SP00430" HPOS="922" VPOS="2293" WIDTH="25"/>
						<String ID="P5_ST00533" HPOS="947" VPOS="2265" WIDTH="20" HEIGHT="22" CONTENT="in" WC="0.69" CC="60"/>
						<SP ID="P5_SP00431" HPOS="967" VPOS="2293" WIDTH="25"/>
						<String ID="P5_ST00534" HPOS="992" VPOS="2265" WIDTH="35" HEIGHT="22" CONTENT="the" WC="0.98" CC="202"/>
						<SP ID="P5_SP00432" HPOS="1027" VPOS="2293" WIDTH="25"/>
						<String ID="P5_ST00535" HPOS="1052" VPOS="2265" WIDTH="76" HEIGHT="22" CONTENT="Danna" WC="0.90" CC="05000"/>
					</TextLine>
					<TextLine ID="P5_TL00104" HPOS="666" VPOS="2306" WIDTH="468" HEIGHT="29">
						<String ID="P5_ST00536" HPOS="666" VPOS="2307" WIDTH="88" HEIGHT="22" CONTENT="Student" WC="1.00" CC="0000106"/>
						<SP ID="P5_SP00433" HPOS="754" VPOS="2329" WIDTH="24"/>
						<String ID="P5_ST00537" HPOS="778" VPOS="2306" WIDTH="83" HEIGHT="25" CONTENT="Center," WC="1.00" CC="0000000"/>
						<SP ID="P5_SP00434" HPOS="861" VPOS="2331" WIDTH="26"/>
						<String ID="P5_ST00538" HPOS="887" VPOS="2306" WIDTH="41" HEIGHT="22" CONTENT="and" WC="1.00" CC="000"/>
						<SP ID="P5_SP00435" HPOS="928" VPOS="2331" WIDTH="27"/>
						<String ID="P5_ST00539" HPOS="955" VPOS="2306" WIDTH="103" HEIGHT="29" CONTENT="Montage" WC="0.99" CC="0040700"/>
						<SP ID="P5_SP00436" HPOS="1058" VPOS="2335" WIDTH="25"/>
						<String ID="P5_ST00540" HPOS="1083" VPOS="2306" WIDTH="51" HEIGHT="22" CONTENT="Fine" WC="0.99" CC="0400"/>
					</TextLine>
					<TextLine ID="P5_TL00105" HPOS="665" VPOS="2349" WIDTH="469" HEIGHT="28">
						<String ID="P5_ST00541" HPOS="665" VPOS="2349" WIDTH="42" HEIGHT="22" CONTENT="and" WC="1.00" CC="000"/>
						<SP ID="P5_SP00437" HPOS="707" VPOS="2371" WIDTH="18"/>
						<String ID="P5_ST00542" HPOS="725" VPOS="2349" WIDTH="132" HEIGHT="28" CONTENT="Performing" WC="1.00" CC="4000000400"/>
						<SP ID="P5_SP00438" HPOS="857" VPOS="2377" WIDTH="16"/>
						<String ID="P5_ST00543" HPOS="873" VPOS="2349" WIDTH="49" HEIGHT="22" CONTENT="Arts" WC="1.00" CC="0000"/>
						<SP ID="P5_SP00439" HPOS="922" VPOS="2377" WIDTH="18"/>
						<String ID="P5_ST00544" HPOS="940" VPOS="2349" WIDTH="65" HEIGHT="22" CONTENT="series" WC="1.00" CC="000000"/>
						<SP ID="P5_SP00440" HPOS="1005" VPOS="2377" WIDTH="17"/>
						<String ID="P5_ST00545" HPOS="1022" VPOS="2349" WIDTH="112" HEIGHT="28" CONTENT="displayed" WC="1.00" CC="000010000"/>
					</TextLine>
					<TextLine ID="P5_TL00106" HPOS="665" VPOS="2390" WIDTH="469" HEIGHT="28">
						<String ID="P5_ST00546" HPOS="665" VPOS="2391" WIDTH="131" HEIGHT="22" CONTENT='"Christmas' WC="0.99" CC="4060010500"/>
						<SP ID="P5_SP00441" HPOS="796" VPOS="2413" WIDTH="29"/>
						<String ID="P5_ST00547" HPOS="825" VPOS="2394" WIDTH="20" HEIGHT="18" CONTENT="at" WC="0.64" CC="07"/>
						<SP ID="P5_SP00442" HPOS="845" VPOS="2413" WIDTH="29"/>
						<String ID="P5_ST00548" HPOS="874" VPOS="2390" WIDTH="89" HEIGHT="28" CONTENT="Loyola:" WC="1.00" CC="5100000"/>
						<SP ID="P5_SP00443" HPOS="963" VPOS="2418" WIDTH="30"/>
						<String ID="P5_ST00549" HPOS="993" VPOS="2391" WIDTH="20" HEIGHT="21" CONTENT="A" WC="1.00" CC="0"/>
						<SP ID="P5_SP00444" HPOS="1013" VPOS="2418" WIDTH="27"/>
						<String ID="P5_ST00550" HPOS="1040" VPOS="2390" WIDTH="94" HEIGHT="22" CONTENT="Musical" WC="0.99" CC="0202502"/>
					</TextLine>
				</TextBlock>
				<TextBlock ID="P5_TB00009" HPOS="1179" VPOS="1982" WIDTH="467" HEIGHT="429" STYLEREFS="TXT_0 PAR_LEFT">
					<Shape>
						<Polygon POINTS="1646,2411 1179,2411 1179,2274 1390,2274 1390,2101 1334,2101 1334,1982 1646,1982"/>
					</Shape>
					<TextLine ID="P5_TL00107" HPOS="1329" VPOS="2014" WIDTH="317" HEIGHT="28">
						<String ID="P5_ST00551" HPOS="1329" VPOS="2014" WIDTH="141" HEIGHT="22" CONTENT='Celebration"' WC="0.99" CC="800001054504"/>
						<SP ID="P5_SP00445" HPOS="1470" VPOS="2036" WIDTH="16"/>
						<String ID="P5_ST00552" HPOS="1486" VPOS="2014" WIDTH="93" HEIGHT="28" CONTENT="Sunday," WC="0.99" CC="0030220"/>
						<SP ID="P5_SP00446" HPOS="1579" VPOS="2042" WIDTH="17"/>
						<String ID="P5_ST00553" HPOS="1596" VPOS="2014" WIDTH="50" HEIGHT="21" CONTENT="Dec." WC="0.98" CC="1060"/>
					</TextLine>
					<TextLine ID="P5_TL00108" HPOS="1329" VPOS="2055" WIDTH="317" HEIGHT="29">
						<String ID="P5_ST00554" HPOS="1329" VPOS="2057" WIDTH="10" HEIGHT="20" CONTENT="S" WC="0.27" CC="7"/>
						<SP ID="P5_SP00447" HPOS="1339" VPOS="2077" WIDTH="16"/>
						<String ID="P5_ST00555" HPOS="1355" VPOS="2056" WIDTH="20" HEIGHT="22" CONTENT="in" WC="0.76" CC="04"/>
						<SP ID="P5_SP00448" HPOS="1375" VPOS="2078" WIDTH="16"/>
						<String ID="P5_ST00556" HPOS="1391" VPOS="2056" WIDTH="57" HEIGHT="28" CONTENT="Holy" WC="1.00" CC="0000"/>
						<SP ID="P5_SP00449" HPOS="1448" VPOS="2084" WIDTH="16"/>
						<String ID="P5_ST00557" HPOS="1464" VPOS="2056" WIDTH="70" HEIGHT="22" CONTENT="Name" WC="1.00" CC="0010"/>
						<SP ID="P5_SP00450" HPOS="1534" VPOS="2084" WIDTH="15"/>
						<String ID="P5_ST00558" HPOS="1549" VPOS="2055" WIDTH="26" HEIGHT="23" CONTENT="of" WC="0.92" CC="01"/>
						<SP ID="P5_SP00451" HPOS="1575" VPOS="2084" WIDTH="12"/>
						<String ID="P5_ST00559" HPOS="1587" VPOS="2056" WIDTH="59" HEIGHT="22" CONTENT="Jesus" WC="0.98" CC="40009"/>
					</TextLine>
					<TextLine ID="P5_TL00109" HPOS="1349" VPOS="2098" WIDTH="92" HEIGHT="22">
						<String ID="P5_ST00560" HPOS="1349" VPOS="2098" WIDTH="92" HEIGHT="22" CONTENT="'&#34;&#34;&#34;urch." WC="0.53" CC="477308640"/>
					</TextLine>
					<TextLine ID="P5_TL00110" HPOS="1432" VPOS="2140" WIDTH="214" HEIGHT="22">
						<String ID="P5_ST00561" HPOS="1432" VPOS="2140" WIDTH="214" HEIGHT="22" CONTENT="Meanwhile," WC="1.00" CC="5000502000"/>
					</TextLine>
					<TextLine ID="P5_TL00111" HPOS="1402" VPOS="2180" WIDTH="244" HEIGHT="29">
						<String ID="P5_ST00562" HPOS="1402" VPOS="2181" WIDTH="83" HEIGHT="21" CONTENT="student" WC="0.99" CC="3000006"/>
						<SP ID="P5_SP00452" HPOS="1485" VPOS="2202" WIDTH="7"/>
						<String ID="P5_ST00563" HPOS="1492" VPOS="2180" WIDTH="154" HEIGHT="29" CONTENT="organizations" WC="0.99" CC="0300067444820"/>
					</TextLine>
					<TextLine ID="P5_TL00112" HPOS="1402" VPOS="2222" WIDTH="244" HEIGHT="23">
						<String ID="P5_ST00564" HPOS="1402" VPOS="2222" WIDTH="52" HEIGHT="23" CONTENT="such" WC="1.00" CC="0001"/>
						<SP ID="P5_SP00453" HPOS="1454" VPOS="2245" WIDTH="40"/>
						<String ID="P5_ST00565" HPOS="1494" VPOS="2228" WIDTH="23" HEIGHT="16" CONTENT="as" WC="0.54" CC="26"/>
						<SP ID="P5_SP00454" HPOS="1517" VPOS="2245" WIDTH="40"/>
						<String ID="P5_ST00566" HPOS="1557" VPOS="2222" WIDTH="89" HEIGHT="22" CONTENT="Muslim" WC="0.99" CC="607000"/>
					</TextLine>
					<TextLine ID="P5_TL00113" HPOS="1395" VPOS="2264" WIDTH="251" HEIGHT="22">
						<String ID="P5_ST00567" HPOS="1395" VPOS="2264" WIDTH="88" HEIGHT="22" CONTENT="Student" WC="1.00" CC="2001101"/>
						<SP ID="P5_SP00455" HPOS="1483" VPOS="2286" WIDTH="28"/>
						<String ID="P5_ST00568" HPOS="1511" VPOS="2264" WIDTH="135" HEIGHT="22" CONTENT="Association" WC="0.99" CC="00961003200"/>
					</TextLine>
					<TextLine ID="P5_TL00114" HPOS="1296" VPOS="2305" WIDTH="350" HEIGHT="23">
						<String ID="P5_ST00569" HPOS="1296" VPOS="2306" WIDTH="41" HEIGHT="22" CONTENT="and" WC="0.98" CC="050"/>
						<SP ID="P5_SP00456" HPOS="1337" VPOS="2328" WIDTH="71"/>
						<String ID="P5_ST00570" HPOS="1408" VPOS="2305" WIDTH="79" HEIGHT="23" CONTENT="Jewish" WC="0.98" CC="305090"/>
						<SP ID="P5_SP00457" HPOS="1487" VPOS="2328" WIDTH="72"/>
						<String ID="P5_ST00571" HPOS="1559" VPOS="2305" WIDTH="87" HEIGHT="23" CONTENT="Student" WC="0.99" CC="0000305"/>
					</TextLine>
					<TextLine ID="P5_TL00115" HPOS="1179" VPOS="2348" WIDTH="467" HEIGHT="29">
						<String ID="P5_ST00572" HPOS="1179" VPOS="2348" WIDTH="136" HEIGHT="22" CONTENT="Association" WC="1.00" CC="29050000000"/>
						<SP ID="P5_SP00458" HPOS="1315" VPOS="2370" WIDTH="7"/>
						<String ID="P5_ST00573" HPOS="1322" VPOS="2348" WIDTH="54" HEIGHT="22" CONTENT="have" WC="1.00" CC="0000"/>
						<SP ID="P5_SP00459" HPOS="1376" VPOS="2370" WIDTH="6"/>
						<String ID="P5_ST00574" HPOS="1382" VPOS="2352" WIDTH="37" HEIGHT="25" CONTENT="put" WC="0.99" CC="030"/>
						<SP ID="P5_SP00460" HPOS="1419" VPOS="2377" WIDTH="5"/>
						<String ID="P5_ST00575" HPOS="1424" VPOS="2355" WIDTH="28" HEIGHT="15" CONTENT="on" WC="0.83" CC="30"/>
						<SP ID="P5_SP00461" HPOS="1452" VPOS="2377" WIDTH="7"/>
						<String ID="P5_ST00576" HPOS="1459" VPOS="2348" WIDTH="54" HEIGHT="22" CONTENT="their" WC="1.00" CC="00000"/>
						<SP ID="P5_SP00462" HPOS="1513" VPOS="2377" WIDTH="4"/>
						<String ID="P5_ST00577" HPOS="1517" VPOS="2355" WIDTH="50" HEIGHT="15" CONTENT="own" WC="1.00" CC="000"/>
						<SP ID="P5_SP00463" HPOS="1567" VPOS="2377" WIDTH="6"/>
						<String ID="P5_ST00578" HPOS="1573" VPOS="2351" WIDTH="73" HEIGHT="19" CONTENT="events" WC="0.99" CC="000035"/>
					</TextLine>
					<TextLine ID="P5_TL00116" HPOS="1179" VPOS="2389" WIDTH="467" HEIGHT="22">
						<String ID="P5_ST00579" HPOS="1179" VPOS="2394" WIDTH="21" HEIGHT="17" CONTENT="to" WC="0.98" CC="00"/>
						<SP ID="P5_SP00464" HPOS="1200" VPOS="2411" WIDTH="9"/>
						<String ID="P5_ST00580" HPOS="1209" VPOS="2390" WIDTH="93" HEIGHT="21" CONTENT="increase" WC="0.99" CC="20092900"/>
						<SP ID="P5_SP00465" HPOS="1302" VPOS="2411" WIDTH="7"/>
						<String ID="P5_ST00581" HPOS="1309" VPOS="2390" WIDTH="34" HEIGHT="21" CONTENT="the" WC="0.99" CC="002"/>
						<SP ID="P5_SP00466" HPOS="1343" VPOS="2411" WIDTH="8"/>
						<String ID="P5_ST00582" HPOS="1351" VPOS="2397" WIDTH="119" HEIGHT="14" CONTENT="awareness" WC="0.99" CC="570850001"/>
						<SP ID="P5_SP00467" HPOS="1470" VPOS="2411" WIDTH="7"/>
						<String ID="P5_ST00583" HPOS="1477" VPOS="2389" WIDTH="27" HEIGHT="22" CONTENT="of" WC="0.93" CC="00"/>
						<SP ID="P5_SP00468" HPOS="1504" VPOS="2411" WIDTH="4"/>
						<String ID="P5_ST00584" HPOS="1508" VPOS="2390" WIDTH="53" HEIGHT="21" CONTENT="their" WC="0.99" CC="00401"/>
						<SP ID="P5_SP00469" HPOS="1561" VPOS="2411" WIDTH="6"/>
						<String ID="P5_ST00585" HPOS="1567" VPOS="2389" WIDTH="79" HEIGHT="22" CONTENT="culture" WC="1.00" CC="0030000"/>
					</TextLine>
				</TextBlock>
				<TextBlock ID="P5_TB00010" HPOS="1692" VPOS="2014" WIDTH="470" HEIGHT="397" STYLEREFS="TXT_0 PAR_LEFT">
					<TextLine ID="P5_TL00117" HPOS="1694" VPOS="2014" WIDTH="468" HEIGHT="28">
						<String ID="P5_ST00586" HPOS="1694" VPOS="2014" WIDTH="41" HEIGHT="21" CONTENT="and" WC="1.00" CC="000"/>
						<SP ID="P5_SP00470" HPOS="1735" VPOS="2035" WIDTH="10"/>
						<String ID="P5_ST00587" HPOS="1745" VPOS="2014" WIDTH="88" HEIGHT="28" CONTENT="religion" WC="0.99" CC="00019030"/>
						<SP ID="P5_SP00471" HPOS="1833" VPOS="2042" WIDTH="11"/>
						<String ID="P5_ST00588" HPOS="1844" VPOS="2017" WIDTH="22" HEIGHT="18" CONTENT="to" WC="1.00" CC="00"/>
						<SP ID="P5_SP00472" HPOS="1866" VPOS="2042" WIDTH="9"/>
						<String ID="P5_ST00589" HPOS="1875" VPOS="2014" WIDTH="34" HEIGHT="21" CONTENT="the" WC="0.99" CC="030"/>
						<SP ID="P5_SP00473" HPOS="1909" VPOS="2042" WIDTH="10"/>
						<String ID="P5_ST00590" HPOS="1919" VPOS="2014" WIDTH="115" HEIGHT="28" CONTENT="university" WC="1.00" CC="0000010320"/>
						<SP ID="P5_SP00474" HPOS="2034" VPOS="2042" WIDTH="9"/>
						<String ID="P5_ST00591" HPOS="2043" VPOS="2014" WIDTH="77" HEIGHT="27" CONTENT="during" WC="0.97" CC="912229"/>
						<SP ID="P5_SP00475" HPOS="2120" VPOS="2042" WIDTH="10"/>
						<String ID="P5_ST00592" HPOS="2130" VPOS="2014" WIDTH="32" HEIGHT="21" CONTENT="the" WC="0.94" CC="456"/>
					</TextLine>
					<TextLine ID="P5_TL00118" HPOS="1693" VPOS="2056" WIDTH="210" HEIGHT="22">
						<String ID="P5_ST00593" HPOS="1693" VPOS="2056" WIDTH="118" HEIGHT="22" CONTENT="Christmas" WC="0.99" CC="300005550"/>
						<SP ID="P5_SP00476" HPOS="1811" VPOS="2078" WIDTH="9"/>
						<String ID="P5_ST00594" HPOS="1820" VPOS="2061" WIDTH="83" HEIGHT="17" CONTENT="season." WC="0.99" CC="0073600"/>
					</TextLine>
					<TextLine ID="P5_TL00119" HPOS="1735" VPOS="2097" WIDTH="427" HEIGHT="29">
						<String ID="P5_ST00595" HPOS="1735" VPOS="2097" WIDTH="67" HEIGHT="22" CONTENT="Other" WC="1.00" CC="00000"/>
						<SP ID="P5_SP00477" HPOS="1802" VPOS="2119" WIDTH="6"/>
						<String ID="P5_ST00596" HPOS="1808" VPOS="2098" WIDTH="83" HEIGHT="21" CONTENT="student" WC="1.00" CC="0000000"/>
						<SP ID="P5_SP00478" HPOS="1891" VPOS="2119" WIDTH="6"/>
						<String ID="P5_ST00597" HPOS="1897" VPOS="2097" WIDTH="157" HEIGHT="29" CONTENT="organizations" WC="0.99" CC="2010516005802"/>
						<SP ID="P5_SP00479" HPOS="2054" VPOS="2126" WIDTH="5"/>
						<String ID="P5_ST00598" HPOS="2059" VPOS="2104" WIDTH="34" HEIGHT="15" CONTENT="are" WC="0.96" CC="081"/>
						<SP ID="P5_SP00480" HPOS="2093" VPOS="2126" WIDTH="8"/>
						<String ID="P5_ST00599" HPOS="2101" VPOS="2097" WIDTH="61" HEIGHT="28" CONTENT="using" WC="0.99" CC="00028"/>
					</TextLine>
					<TextLine ID="P5_TL00120" HPOS="1695" VPOS="2138" WIDTH="467" HEIGHT="29">
						<String ID="P5_ST00600" HPOS="1695" VPOS="2139" WIDTH="33" HEIGHT="22" CONTENT="the" WC="1.00" CC="000"/>
						<SP ID="P5_SP00481" HPOS="1728" VPOS="2161" WIDTH="11"/>
						<String ID="P5_ST00601" HPOS="1739" VPOS="2138" WIDTH="87" HEIGHT="29" CONTENT="holiday" WC="1.00" CC="0002004"/>
						<SP ID="P5_SP00482" HPOS="1826" VPOS="2167" WIDTH="11"/>
						<String ID="P5_ST00602" HPOS="1837" VPOS="2145" WIDTH="77" HEIGHT="16" CONTENT="season" WC="0.99" CC="009200"/>
						<SP ID="P5_SP00483" HPOS="1914" VPOS="2167" WIDTH="10"/>
						<String ID="P5_ST00603" HPOS="1924" VPOS="2145" WIDTH="24" HEIGHT="16" CONTENT="as" WC="1.00" CC="00"/>
						<SP ID="P5_SP00484" HPOS="1948" VPOS="2167" WIDTH="10"/>
						<String ID="P5_ST00604" HPOS="1958" VPOS="2144" WIDTH="12" HEIGHT="17" CONTENT="a" WC="1.00" CC="0"/>
						<SP ID="P5_SP00485" HPOS="1970" VPOS="2167" WIDTH="10"/>
						<String ID="P5_ST00605" HPOS="1980" VPOS="2138" WIDTH="108" HEIGHT="23" CONTENT="transition" WC="0.98" CC="4494665504"/>
						<SP ID="P5_SP00486" HPOS="2088" VPOS="2167" WIDTH="10"/>
						<String ID="P5_ST00606" HPOS="2098" VPOS="2139" WIDTH="64" HEIGHT="28" CONTENT="phase" WC="1.00" CC="04000"/>
					</TextLine>
					<TextLine ID="P5_TL00121" HPOS="1694" VPOS="2180" WIDTH="468" HEIGHT="28">
						<String ID="P5_ST00607" HPOS="1694" VPOS="2184" WIDTH="22" HEIGHT="18" CONTENT="to" WC="0.39" CC="47"/>
						<SP ID="P5_SP00487" HPOS="1716" VPOS="2202" WIDTH="11"/>
						<String ID="P5_ST00608" HPOS="1727" VPOS="2180" WIDTH="49" HEIGHT="28" CONTENT="plan" WC="0.97" CC="0707"/>
						<SP ID="P5_SP00488" HPOS="1776" VPOS="2208" WIDTH="13"/>
						<String ID="P5_ST00609" HPOS="1789" VPOS="2181" WIDTH="49" HEIGHT="21" CONTENT="how" WC="0.96" CC="305"/>
						<SP ID="P5_SP00489" HPOS="1838" VPOS="2208" WIDTH="12"/>
						<String ID="P5_ST00610" HPOS="1850" VPOS="2184" WIDTH="22" HEIGHT="18" CONTENT="to" WC="0.85" CC="20"/>
						<SP ID="P5_SP00490" HPOS="1872" VPOS="2208" WIDTH="12"/>
						<String ID="P5_ST00611" HPOS="1884" VPOS="2180" WIDTH="94" HEIGHT="22" CONTENT="increase" WC="1.00" CC="00200002"/>
						<SP ID="P5_SP00491" HPOS="1978" VPOS="2208" WIDTH="11"/>
						<String ID="P5_ST00612" HPOS="1989" VPOS="2187" WIDTH="120" HEIGHT="15" CONTENT="awareness" WC="0.99" CC="660005069"/>
						<SP ID="P5_SP00492" HPOS="2109" VPOS="2208" WIDTH="12"/>
						<String ID="P5_ST00613" HPOS="2121" VPOS="2181" WIDTH="41" HEIGHT="21" CONTENT="and" WC="0.96" CC="900"/>
					</TextLine>
					<TextLine ID="P5_TL00122" HPOS="1693" VPOS="2221" WIDTH="469" HEIGHT="29">
						<String ID="P5_ST00614" HPOS="1693" VPOS="2221" WIDTH="74" HEIGHT="22" CONTENT="recruit" WC="0.99" CC="8030000"/>
						<SP ID="P5_SP00493" HPOS="1767" VPOS="2243" WIDTH="6"/>
						<String ID="P5_ST00615" HPOS="1773" VPOS="2228" WIDTH="49" HEIGHT="15" CONTENT="new" WC="1.00" CC="000"/>
						<SP ID="P5_SP00494" HPOS="1822" VPOS="2243" WIDTH="6"/>
						<String ID="P5_ST00616" HPOS="1828" VPOS="2221" WIDTH="113" HEIGHT="22" CONTENT="members." WC="1.00" CC="00030050"/>
						<SP ID="P5_SP00495" HPOS="1941" VPOS="2243" WIDTH="7"/>
						<String ID="P5_ST00617" HPOS="1948" VPOS="2221" WIDTH="95" HEIGHT="29" CONTENT="Zachary" WC="0.90" CC="0000600"/>
						<SP ID="P5_SP00496" HPOS="2043" VPOS="2250" WIDTH="5"/>
						<String ID="P5_ST00618" HPOS="2048" VPOS="2221" WIDTH="114" HEIGHT="25" CONTENT="Turmelle," WC="0.87" CC="200900000"/>
					</TextLine>
					<TextLine ID="P5_TL00123" HPOS="1692" VPOS="2263" WIDTH="470" HEIGHT="29">
						<String ID="P5_ST00619" HPOS="1692" VPOS="2263" WIDTH="69" HEIGHT="23" CONTENT="music" WC="0.98" CC="90300"/>
						<SP ID="P5_SP00497" HPOS="1761" VPOS="2286" WIDTH="30"/>
						<String ID="P5_ST00620" HPOS="1791" VPOS="2264" WIDTH="94" HEIGHT="28" CONTENT="industry" WC="0.99" CC="10030007"/>
						<SP ID="P5_SP00498" HPOS="1885" VPOS="2292" WIDTH="26"/>
						<String ID="P5_ST00621" HPOS="1911" VPOS="2264" WIDTH="73" HEIGHT="28" CONTENT="junior" WC="0.99" CC="206050"/>
						<SP ID="P5_SP00499" HPOS="1984" VPOS="2292" WIDTH="28"/>
						<String ID="P5_ST00622" HPOS="2012" VPOS="2264" WIDTH="42" HEIGHT="22" CONTENT="and" WC="0.98" CC="050"/>
						<SP ID="P5_SP00500" HPOS="2054" VPOS="2292" WIDTH="28"/>
						<String ID="P5_ST00623" HPOS="2082" VPOS="2264" WIDTH="80" HEIGHT="22" CONTENT="Jewish" WC="0.99" CC="100300"/>
					</TextLine>
					<TextLine ID="P5_TL00124" HPOS="1693" VPOS="2305" WIDTH="469" HEIGHT="29">
						<String ID="P5_ST00624" HPOS="1693" VPOS="2305" WIDTH="88" HEIGHT="23" CONTENT="Student" WC="1.00" CC="0000000"/>
						<SP ID="P5_SP00501" HPOS="1781" VPOS="2328" WIDTH="9"/>
						<String ID="P5_ST00625" HPOS="1790" VPOS="2305" WIDTH="137" HEIGHT="23" CONTENT="Association" WC="0.99" CC="09160600000"/>
						<SP ID="P5_SP00502" HPOS="1927" VPOS="2328" WIDTH="11"/>
						<String ID="P5_ST00626" HPOS="1938" VPOS="2305" WIDTH="114" HEIGHT="29" CONTENT="president," WC="1.00" CC="0000000500"/>
						<SP ID="P5_SP00503" HPOS="2052" VPOS="2334" WIDTH="11"/>
						<String ID="P5_ST00627" HPOS="2063" VPOS="2305" WIDTH="46" HEIGHT="22" CONTENT="said" WC="0.96" CC="9530"/>
						<SP ID="P5_SP00504" HPOS="2109" VPOS="2334" WIDTH="11"/>
						<String ID="P5_ST00628" HPOS="2120" VPOS="2305" WIDTH="42" HEIGHT="22" CONTENT="that" WC="0.99" CC="0004"/>
					</TextLine>
					<TextLine ID="P5_TL00125" HPOS="1692" VPOS="2348" WIDTH="470" HEIGHT="28">
						<String ID="P5_ST00629" HPOS="1692" VPOS="2354" WIDTH="120" HEIGHT="16" CONTENT="awareness" WC="0.99" CC="000700099"/>
						<SP ID="P5_SP00505" HPOS="1812" VPOS="2370" WIDTH="11"/>
						<String ID="P5_ST00630" HPOS="1823" VPOS="2348" WIDTH="27" HEIGHT="22" CONTENT="of" WC="1.00" CC="00"/>
						<SP ID="P5_SP00506" HPOS="1850" VPOS="2370" WIDTH="8"/>
						<String ID="P5_ST00631" HPOS="1858" VPOS="2348" WIDTH="96" HEIGHT="22" CONTENT="Judaism" WC="1.00" CC="0007000"/>
						<SP ID="P5_SP00507" HPOS="1954" VPOS="2370" WIDTH="12"/>
						<String ID="P5_ST00632" HPOS="1966" VPOS="2348" WIDTH="17" HEIGHT="22" CONTENT="is" WC="0.69" CC="41"/>
						<SP ID="P5_SP00508" HPOS="1983" VPOS="2370" WIDTH="12"/>
						<String ID="P5_ST00633" HPOS="1995" VPOS="2348" WIDTH="113" HEIGHT="28" CONTENT="important" WC="0.99" CC="000902950"/>
						<SP ID="P5_SP00509" HPOS="2108" VPOS="2376" WIDTH="12"/>
						<String ID="P5_ST00634" HPOS="2120" VPOS="2352" WIDTH="19" HEIGHT="18" CONTENT="at" WC="0.78" CC="04"/>
						<SP ID="P5_SP00510" HPOS="2139" VPOS="2376" WIDTH="11"/>
						<String ID="P5_ST00635" HPOS="2150" VPOS="2354" WIDTH="12" HEIGHT="16" CONTENT="a" WC="1.00" CC="0"/>
					</TextLine>
					<TextLine ID="P5_TL00126" HPOS="1692" VPOS="2389" WIDTH="196" HEIGHT="22">
						<String ID="P5_ST00636" HPOS="1692" VPOS="2389" WIDTH="65" HEIGHT="22" CONTENT="Jesuit" WC="0.99" CC="800000"/>
						<SP ID="P5_SP00511" HPOS="1757" VPOS="2411" WIDTH="10"/>
						<String ID="P5_ST00637" HPOS="1767" VPOS="2390" WIDTH="121" HEIGHT="21" CONTENT="institution." WC="1.00" CC="401043002000"/>
					</TextLine>
				</TextBlock>
				<TextBlock ID="P5_TB00011" HPOS="2205" VPOS="2013" WIDTH="474" HEIGHT="320" STYLEREFS="TXT_0 PAR_LEFT">
					<TextLine ID="P5_TL00127" HPOS="2267" VPOS="2013" WIDTH="412" HEIGHT="22">
						<String ID="P5_ST00638" HPOS="2267" VPOS="2013" WIDTH="30" HEIGHT="22" CONTENT='"It' WC="0.99" CC="101"/>
						<SP ID="P5_SP00512" HPOS="2297" VPOS="2035" WIDTH="17"/>
						<String ID="P5_ST00639" HPOS="2314" VPOS="2019" WIDTH="40" HEIGHT="16" CONTENT="can" WC="1.00" CC="000"/>
						<SP ID="P5_SP00513" HPOS="2354" VPOS="2035" WIDTH="18"/>
						<String ID="P5_ST00640" HPOS="2372" VPOS="2013" WIDTH="27" HEIGHT="21" CONTENT="be" WC="0.90" CC="20"/>
						<SP ID="P5_SP00514" HPOS="2399" VPOS="2035" WIDTH="18"/>
						<String ID="P5_ST00641" HPOS="2417" VPOS="2013" WIDTH="51" HEIGHT="22" CONTENT="hard" WC="0.98" CC="0180"/>
						<SP ID="P5_SP00515" HPOS="2468" VPOS="2035" WIDTH="17"/>
						<String ID="P5_ST00642" HPOS="2485" VPOS="2015" WIDTH="21" HEIGHT="19" CONTENT="at" WC="0.69" CC="32"/>
						<SP ID="P5_SP00516" HPOS="2506" VPOS="2035" WIDTH="17"/>
						<String ID="P5_ST00643" HPOS="2523" VPOS="2013" WIDTH="63" HEIGHT="22" CONTENT="times" WC="0.98" CC="43205"/>
						<SP ID="P5_SP00517" HPOS="2586" VPOS="2035" WIDTH="18"/>
						<String ID="P5_ST00644" HPOS="2604" VPOS="2015" WIDTH="22" HEIGHT="19" CONTENT="to" WC="0.67" CC="14"/>
						<SP ID="P5_SP00518" HPOS="2626" VPOS="2035" WIDTH="18"/>
						<String ID="P5_ST00645" HPOS="2644" VPOS="2015" WIDTH="35" HEIGHT="19" CONTENT="not" WC="0.99" CC="030"/>
					</TextLine>
					<TextLine ID="P5_TL00128" HPOS="2207" VPOS="2054" WIDTH="472" HEIGHT="22">
						<String ID="P5_ST00646" HPOS="2207" VPOS="2054" WIDTH="55" HEIGHT="22" CONTENT="have" WC="1.00" CC="0000"/>
						<SP ID="P5_SP00519" HPOS="2262" VPOS="2076" WIDTH="13"/>
						<String ID="P5_ST00647" HPOS="2275" VPOS="2061" WIDTH="23" HEIGHT="15" CONTENT="as" WC="0.77" CC="04"/>
						<SP ID="P5_SP00520" HPOS="2298" VPOS="2076" WIDTH="13"/>
						<String ID="P5_ST00648" HPOS="2311" VPOS="2054" WIDTH="64" HEIGHT="22" CONTENT="much" WC="0.99" CC="4000"/>
						<SP ID="P5_SP00521" HPOS="2375" VPOS="2076" WIDTH="13"/>
						<String ID="P5_ST00649" HPOS="2388" VPOS="2054" WIDTH="27" HEIGHT="22" CONTENT="of" WC="0.78" CC="40"/>
						<SP ID="P5_SP00522" HPOS="2415" VPOS="2076" WIDTH="9"/>
						<String ID="P5_ST00650" HPOS="2424" VPOS="2061" WIDTH="27" HEIGHT="15" CONTENT="an" WC="0.73" CC="05"/>
						<SP ID="P5_SP00523" HPOS="2451" VPOS="2076" WIDTH="13"/>
						<String ID="P5_ST00651" HPOS="2464" VPOS="2054" WIDTH="107" HEIGHT="22" CONTENT="influence" WC="1.00" CC="000000020"/>
						<SP ID="P5_SP00524" HPOS="2571" VPOS="2076" WIDTH="12"/>
						<String ID="P5_ST00652" HPOS="2583" VPOS="2060" WIDTH="23" HEIGHT="16" CONTENT="as" WC="0.95" CC="00"/>
						<SP ID="P5_SP00525" HPOS="2606" VPOS="2076" WIDTH="12"/>
						<String ID="P5_ST00653" HPOS="2618" VPOS="2054" WIDTH="61" HEIGHT="22" CONTENT="other" WC="0.98" CC="50600"/>
					</TextLine>
					<TextLine ID="P5_TL00129" HPOS="2207" VPOS="2096" WIDTH="471" HEIGHT="29">
						<String ID="P5_ST00654" HPOS="2207" VPOS="2096" WIDTH="156" HEIGHT="29" CONTENT="organizations" WC="1.00" CC="5041027024000"/>
						<SP ID="P5_SP00526" HPOS="2363" VPOS="2125" WIDTH="24"/>
						<String ID="P5_ST00655" HPOS="2387" VPOS="2104" WIDTH="28" HEIGHT="14" CONTENT="on" WC="0.63" CC="24"/>
						<SP ID="P5_SP00527" HPOS="2415" VPOS="2125" WIDTH="24"/>
						<String ID="P5_ST00656" HPOS="2439" VPOS="2096" WIDTH="110" HEIGHT="29" CONTENT='campus,"' WC="0.99" CC="50008003"/>
						<SP ID="P5_SP00528" HPOS="2549" VPOS="2125" WIDTH="22"/>
						<String ID="P5_ST00657" HPOS="2571" VPOS="2096" WIDTH="107" HEIGHT="22" CONTENT="Turmelle" WC="0.89" CC="20030300"/>
					</TextLine>
					<TextLine ID="P5_TL00130" HPOS="2209" VPOS="2138" WIDTH="470" HEIGHT="22">
						<String ID="P5_ST00658" HPOS="2209" VPOS="2138" WIDTH="52" HEIGHT="22" CONTENT="said." WC="0.97" CC="26590"/>
						<SP ID="P5_SP00529" HPOS="2261" VPOS="2160" WIDTH="8"/>
						<String ID="P5_ST00659" HPOS="2269" VPOS="2138" WIDTH="52" HEIGHT="22" CONTENT='"We' WC="0.95" CC="640"/>
						<SP ID="P5_SP00530" HPOS="2321" VPOS="2160" WIDTH="9"/>
						<String ID="P5_ST00660" HPOS="2330" VPOS="2142" WIDTH="55" HEIGHT="18" CONTENT="want" WC="0.97" CC="6017"/>
						<SP ID="P5_SP00531" HPOS="2385" VPOS="2160" WIDTH="8"/>
						<String ID="P5_ST00661" HPOS="2393" VPOS="2142" WIDTH="23" HEIGHT="18" CONTENT="to" WC="0.48" CC="36"/>
						<SP ID="P5_SP00532" HPOS="2416" VPOS="2160" WIDTH="8"/>
						<String ID="P5_ST00662" HPOS="2424" VPOS="2138" WIDTH="27" HEIGHT="22" CONTENT="let" WC="0.96" CC="407"/>
						<SP ID="P5_SP00533" HPOS="2451" VPOS="2160" WIDTH="7"/>
						<String ID="P5_ST00663" HPOS="2458" VPOS="2138" WIDTH="60" HEIGHT="22" CONTENT="other" WC="0.98" CC="72520"/>
						<SP ID="P5_SP00534" HPOS="2518" VPOS="2160" WIDTH="9"/>
						<String ID="P5_ST00664" HPOS="2527" VPOS="2138" WIDTH="95" HEIGHT="22" CONTENT="students" WC="0.99" CC="90001430"/>
						<SP ID="P5_SP00535" HPOS="2622" VPOS="2160" WIDTH="7"/>
						<String ID="P5_ST00665" HPOS="2629" VPOS="2138" WIDTH="50" HEIGHT="21" CONTENT="who" WC="0.97" CC="510"/>
					</TextLine>
					<TextLine ID="P5_TL00131" HPOS="2208" VPOS="2180" WIDTH="359" HEIGHT="22">
						<String ID="P5_ST00666" HPOS="2208" VPOS="2186" WIDTH="34" HEIGHT="15" CONTENT="are" WC="0.95" CC="066"/>
						<SP ID="P5_SP00536" HPOS="2242" VPOS="2201" WIDTH="7"/>
						<String ID="P5_ST00667" HPOS="2249" VPOS="2180" WIDTH="80" HEIGHT="22" CONTENT="Jewish" WC="0.98" CC="706204"/>
						<SP ID="P5_SP00537" HPOS="2329" VPOS="2202" WIDTH="9"/>
						<String ID="P5_ST00668" HPOS="2338" VPOS="2180" WIDTH="65" HEIGHT="22" CONTENT="know" WC="0.99" CC="5010"/>
						<SP ID="P5_SP00538" HPOS="2403" VPOS="2202" WIDTH="9"/>
						<String ID="P5_ST00669" HPOS="2412" VPOS="2186" WIDTH="34" HEIGHT="16" CONTENT="we" WC="1.00" CC="00"/>
						<SP ID="P5_SP00539" HPOS="2446" VPOS="2202" WIDTH="7"/>
						<String ID="P5_ST00670" HPOS="2453" VPOS="2186" WIDTH="35" HEIGHT="16" CONTENT="are" WC="0.94" CC="077"/>
						<SP ID="P5_SP00540" HPOS="2488" VPOS="2202" WIDTH="8"/>
						<String ID="P5_ST00671" HPOS="2496" VPOS="2180" WIDTH="71" HEIGHT="22" CONTENT='here."' WC="1.00" CC="320000"/>
					</TextLine>
					<TextLine ID="P5_TL00132" HPOS="2248" VPOS="2221" WIDTH="430" HEIGHT="22">
						<String ID="P5_ST00672" HPOS="2248" VPOS="2221" WIDTH="79" HEIGHT="22" CONTENT="Jewish" WC="0.98" CC="305090"/>
						<SP ID="P5_SP00541" HPOS="2327" VPOS="2243" WIDTH="26"/>
						<String ID="P5_ST00673" HPOS="2353" VPOS="2221" WIDTH="88" HEIGHT="22" CONTENT="Student" WC="0.99" CC="0009002"/>
						<SP ID="P5_SP00542" HPOS="2441" VPOS="2243" WIDTH="25"/>
						<String ID="P5_ST00674" HPOS="2466" VPOS="2221" WIDTH="137" HEIGHT="22" CONTENT="Association" WC="1.00" CC="00824000000"/>
						<SP ID="P5_SP00543" HPOS="2603" VPOS="2243" WIDTH="25"/>
						<String ID="P5_ST00675" HPOS="2628" VPOS="2221" WIDTH="50" HEIGHT="22" CONTENT="held" WC="0.99" CC="0050"/>
					</TextLine>
					<TextLine ID="P5_TL00133" HPOS="2206" VPOS="2263" WIDTH="472" HEIGHT="23">
						<String ID="P5_ST00676" HPOS="2206" VPOS="2270" WIDTH="13" HEIGHT="16" CONTENT="a" WC="1.00" CC="0"/>
						<SP ID="P5_SP00544" HPOS="2219" VPOS="2286" WIDTH="14"/>
						<String ID="P5_ST00677" HPOS="2233" VPOS="2263" WIDTH="95" HEIGHT="23" CONTENT='"Dinner' WC="0.98" CC="4504430"/>
						<SP ID="P5_SP00545" HPOS="2328" VPOS="2286" WIDTH="14"/>
						<String ID="P5_ST00678" HPOS="2342" VPOS="2263" WIDTH="42" HEIGHT="23" CONTENT="and" WC="1.00" CC="000"/>
						<SP ID="P5_SP00546" HPOS="2384" VPOS="2286" WIDTH="14"/>
						<String ID="P5_ST00679" HPOS="2398" VPOS="2270" WIDTH="13" HEIGHT="16" CONTENT="a" WC="1.00" CC="0"/>
						<SP ID="P5_SP00547" HPOS="2411" VPOS="2286" WIDTH="15"/>
						<String ID="P5_ST00680" HPOS="2426" VPOS="2263" WIDTH="89" HEIGHT="23" CONTENT='Movie"' WC="0.99" CC="000403"/>
						<SP ID="P5_SP00548" HPOS="2515" VPOS="2286" WIDTH="14"/>
						<String ID="P5_ST00681" HPOS="2529" VPOS="2267" WIDTH="64" HEIGHT="19" CONTENT="event" WC="0.99" CC="00006"/>
						<SP ID="P5_SP00549" HPOS="2593" VPOS="2286" WIDTH="15"/>
						<String ID="P5_ST00682" HPOS="2608" VPOS="2264" WIDTH="20" HEIGHT="22" CONTENT="in" WC="0.80" CC="30"/>
						<SP ID="P5_SP00550" HPOS="2628" VPOS="2286" WIDTH="16"/>
						<String ID="P5_ST00683" HPOS="2644" VPOS="2264" WIDTH="34" HEIGHT="22" CONTENT="the" WC="1.00" CC="000"/>
					</TextLine>
					<TextLine ID="P5_TL00134" HPOS="2206" VPOS="2305" WIDTH="473" HEIGHT="28">
						<String ID="P5_ST00684" HPOS="2206" VPOS="2305" WIDTH="91" HEIGHT="22" CONTENT="Orleans" WC="1.00" CC="0010000"/>
						<SP ID="P5_SP00551" HPOS="2297" VPOS="2327" WIDTH="15"/>
						<String ID="P5_ST00685" HPOS="2312" VPOS="2305" WIDTH="72" HEIGHT="22" CONTENT="Room" WC="0.97" CC="0644"/>
						<SP ID="P5_SP00552" HPOS="2384" VPOS="2327" WIDTH="14"/>
						<String ID="P5_ST00686" HPOS="2398" VPOS="2312" WIDTH="29" HEIGHT="15" CONTENT="on" WC="0.56" CC="53"/>
						<SP ID="P5_SP00553" HPOS="2427" VPOS="2327" WIDTH="15"/>
						<String ID="P5_ST00687" HPOS="2442" VPOS="2306" WIDTH="140" HEIGHT="27" CONTENT="Wednesday," WC="0.99" CC="0460400940"/>
						<SP ID="P5_SP00554" HPOS="2582" VPOS="2333" WIDTH="15"/>
						<String ID="P5_ST00688" HPOS="2597" VPOS="2306" WIDTH="53" HEIGHT="22" CONTENT="Dec." WC="0.99" CC="0060"/>
						<SP ID="P5_SP00555" HPOS="2650" VPOS="2333" WIDTH="15"/>
						<String ID="P5_ST00689" HPOS="2665" VPOS="2306" WIDTH="14" HEIGHT="21" CONTENT="9" WC="0.43" CC="5"/>
					</TextLine>
				</TextBlock>
				<TextBlock ID="P5_TB00012" HPOS="1902" VPOS="1055" WIDTH="781" HEIGHT="669" STYLEREFS="TXT_0 PAR_BLOCK">
					<TextLine ID="P5_TL00135" HPOS="1902" VPOS="1056" WIDTH="775" HEIGHT="60">
						<String ID="P5_ST00690" HPOS="1902" VPOS="1073" WIDTH="49" HEIGHT="27" CONTENT="en" WC="1.00" CC="00"/>
						<SP ID="P5_SP00556" HPOS="1951" VPOS="1100" WIDTH="31"/>
						<String ID="P5_ST00691" HPOS="1982" VPOS="1058" WIDTH="132" HEIGHT="58" CONTENT="going" WC="0.98" CC="70007"/>
						<SP ID="P5_SP00557" HPOS="2114" VPOS="1116" WIDTH="34"/>
						<String ID="P5_ST00692" HPOS="2148" VPOS="1068" WIDTH="39" HEIGHT="32" CONTENT="to" WC="1.00" CC="00"/>
						<SP ID="P5_SP00558" HPOS="2187" VPOS="1116" WIDTH="37"/>
						<String ID="P5_ST00693" HPOS="2224" VPOS="1071" WIDTH="27" HEIGHT="29" CONTENT="a" WC="1.00" CC="0"/>
						<SP ID="P5_SP00559" HPOS="2251" VPOS="1116" WIDTH="27"/>
						<String ID="P5_ST00694" HPOS="2278" VPOS="1056" WIDTH="135" HEIGHT="55" CONTENT="Jesuit" WC="0.99" CC="423000"/>
						<SP ID="P5_SP00560" HPOS="2413" VPOS="1116" WIDTH="36"/>
						<String ID="P5_ST00695" HPOS="2449" VPOS="1057" WIDTH="228" HEIGHT="58" CONTENT="university\" WC="1.00" CC="40000000007"/>
					</TextLine>
					<TextLine ID="P5_TL00136" HPOS="1902" VPOS="1155" WIDTH="781" HEIGHT="63">
						<String ID="P5_ST00696" HPOS="1902" VPOS="1173" WIDTH="73" HEIGHT="45" CONTENT="any" WC="0.96" CC="900"/>
						<SP ID="P5_SP00561" HPOS="1975" VPOS="1218" WIDTH="21"/>
						<String ID="P5_ST00697" HPOS="1996" VPOS="1170" WIDTH="71" HEIGHT="48" CONTENT="get" WC="0.99" CC="300"/>
						<SP ID="P5_SP00562" HPOS="2067" VPOS="1218" WIDTH="25"/>
						<String ID="P5_ST00698" HPOS="2092" VPOS="1155" WIDTH="155" HEIGHT="62" CONTENT="caught" WC="0.99" CC="060052"/>
						<SP ID="P5_SP00563" HPOS="2247" VPOS="1218" WIDTH="27"/>
						<String ID="P5_ST00699" HPOS="2274" VPOS="1171" WIDTH="55" HEIGHT="46" CONTENT="up" WC="0.51" CC="09"/>
						<SP ID="P5_SP00564" HPOS="2329" VPOS="1218" WIDTH="30"/>
						<String ID="P5_ST00700" HPOS="2359" VPOS="1159" WIDTH="45" HEIGHT="42" CONTENT="in" WC="1.00" CC="00"/>
						<SP ID="P5_SP00565" HPOS="2404" VPOS="1218" WIDTH="31"/>
						<String ID="P5_ST00701" HPOS="2435" VPOS="1155" WIDTH="248" HEIGHT="61" CONTENT="celebrating" WC="1.00" CC="00306060000"/>
					</TextLine>
					<TextLine ID="P5_TL00137" HPOS="1902" VPOS="1256" WIDTH="780" HEIGHT="63">
						<String ID="P5_ST00702" HPOS="1902" VPOS="1257" WIDTH="213" HEIGHT="47" CONTENT="Christmas" WC="0.99" CC="860000000"/>
						<SP ID="P5_SP00566" HPOS="2115" VPOS="1304" WIDTH="14"/>
						<String ID="P5_ST00703" HPOS="2129" VPOS="1257" WIDTH="228" HEIGHT="62" CONTENT="festivities." WC="1.00" CC="000004000002"/>
						<SP ID="P5_SP00567" HPOS="2357" VPOS="1319" WIDTH="33"/>
						<String ID="P5_ST00704" HPOS="2390" VPOS="1260" WIDTH="86" HEIGHT="43" CONTENT="But" WC="1.00" CC="000"/>
						<SP ID="P5_SP00568" HPOS="2476" VPOS="1319" WIDTH="21"/>
						<String ID="P5_ST00705" HPOS="2497" VPOS="1256" WIDTH="185" HEIGHT="47" CONTENT="students" WC="1.00" CC="00017000"/>
					</TextLine>
					<TextLine ID="P5_TL00138" HPOS="1916" VPOS="1359" WIDTH="766" HEIGHT="62">
						<String ID="P5_ST00706" HPOS="1916" VPOS="1359" WIDTH="56" HEIGHT="62" CONTENT="of" WC="1.00" CC="00"/>
						<SP ID="P5_SP00569" HPOS="1972" VPOS="1421" WIDTH="3"/>
						<String ID="P5_ST00707" HPOS="1975" VPOS="1359" WIDTH="117" HEIGHT="46" CONTENT="other" WC="0.99" CC="00400"/>
						<SP ID="P5_SP00570" HPOS="2092" VPOS="1421" WIDTH="3"/>
						<String ID="P5_ST00708" HPOS="2095" VPOS="1359" WIDTH="139" HEIGHT="62" CONTENT="faiths" WC="1.00" CC="002000"/>
						<SP ID="P5_SP00571" HPOS="2234" VPOS="1421" WIDTH="5"/>
						<String ID="P5_ST00709" HPOS="2239" VPOS="1359" WIDTH="109" HEIGHT="61" CONTENT="find" WC="0.98" CC="0009"/>
						<SP ID="P5_SP00572" HPOS="2348" VPOS="1421" WIDTH="13"/>
						<String ID="P5_ST00710" HPOS="2361" VPOS="1359" WIDTH="197" HEIGHT="61" CONTENT="different" WC="0.99" CC="027340400"/>
						<SP ID="P5_SP00573" HPOS="2558" VPOS="1421" WIDTH="18"/>
						<String ID="P5_ST00711" HPOS="2576" VPOS="1376" WIDTH="106" HEIGHT="44" CONTENT="ways" WC="0.99" CC="4000"/>
					</TextLine>
					<TextLine ID="P5_TL00139" HPOS="1946" VPOS="1460" WIDTH="732" HEIGHT="62">
						<String ID="P5_ST00712" HPOS="1946" VPOS="1475" WIDTH="40" HEIGHT="32" CONTENT="to" WC="1.00" CC="00"/>
						<SP ID="P5_SP00574" HPOS="1986" VPOS="1507" WIDTH="33"/>
						<String ID="P5_ST00713" HPOS="2019" VPOS="1460" WIDTH="169" HEIGHT="47" CONTENT="remind" WC="1.00" CC="000000"/>
						<SP ID="P5_SP00575" HPOS="2188" VPOS="1507" WIDTH="26"/>
						<String ID="P5_ST00714" HPOS="2214" VPOS="1460" WIDTH="132" HEIGHT="46" CONTENT="others" WC="1.00" CC="000000"/>
						<SP ID="P5_SP00576" HPOS="2346" VPOS="1507" WIDTH="30"/>
						<String ID="P5_ST00715" HPOS="2376" VPOS="1460" WIDTH="57" HEIGHT="62" CONTENT="of" WC="1.00" CC="00"/>
						<SP ID="P5_SP00577" HPOS="2433" VPOS="1522" WIDTH="14"/>
						<String ID="P5_ST00716" HPOS="2447" VPOS="1460" WIDTH="109" HEIGHT="46" CONTENT="their" WC="1.00" CC="00000"/>
						<SP ID="P5_SP00578" HPOS="2556" VPOS="1522" WIDTH="28"/>
						<String ID="P5_ST00717" HPOS="2584" VPOS="1479" WIDTH="94" HEIGHT="27" CONTENT="own" WC="0.99" CC="020"/>
					</TextLine>
					<TextLine ID="P5_TL00140" HPOS="1980" VPOS="1562" WIDTH="703" HEIGHT="62">
						<String ID="P5_ST00718" HPOS="1980" VPOS="1563" WIDTH="176" HEIGHT="45" CONTENT="cultures" WC="1.00" CC="00000000"/>
						<SP ID="P5_SP00579" HPOS="2156" VPOS="1608" WIDTH="29"/>
						<String ID="P5_ST00719" HPOS="2185" VPOS="1562" WIDTH="95" HEIGHT="46" CONTENT="and" WC="1.00" CC="000"/>
						<SP ID="P5_SP00580" HPOS="2280" VPOS="1608" WIDTH="27"/>
						<String ID="P5_ST00720" HPOS="2307" VPOS="1562" WIDTH="188" HEIGHT="62" CONTENT="religions" WC="1.00" CC="000000000"/>
						<SP ID="P5_SP00581" HPOS="2495" VPOS="1624" WIDTH="29"/>
						<String ID="P5_ST00721" HPOS="2524" VPOS="1562" WIDTH="159" HEIGHT="61" CONTENT="during" WC="1.00" CC="000000"/>
					</TextLine>
					<TextLine ID="P5_TL00141" HPOS="2205" VPOS="1663" WIDTH="279" HEIGHT="61">
						<String ID="P5_ST00722" HPOS="2205" VPOS="1663" WIDTH="69" HEIGHT="46" CONTENT="the" WC="0.98" CC="500"/>
						<SP ID="P5_SP00582" HPOS="2274" VPOS="1709" WIDTH="16"/>
						<String ID="P5_ST00723" HPOS="2290" VPOS="1663" WIDTH="194" HEIGHT="61" CONTENT="holidays." WC="1.00" CC="002000006"/>
					</TextLine>
				</TextBlock>
				<TextBlock ID="P5_TB00013" HPOS="671" VPOS="2512" WIDTH="1458" HEIGHT="157" STYLEREFS="TXT_0 PAR_CENTER">
					<TextLine ID="P5_TL00142" HPOS="671" VPOS="2513" WIDTH="1458" HEIGHT="156">
						<String ID="P5_ST00724" HPOS="671" VPOS="2513" WIDTH="339" HEIGHT="156" CONTENT="Plays" WC="0.99" CC="05000"/>
						<SP ID="P5_SP00583" HPOS="1010" VPOS="2669" WIDTH="51"/>
						<String ID="P5_ST00725" HPOS="1061" VPOS="2544" WIDTH="423" HEIGHT="125" CONTENT="garner" WC="0.99" CC="700000"/>
						<SP ID="P5_SP00584" HPOS="1484" VPOS="2669" WIDTH="47"/>
						<String ID="P5_ST00726" HPOS="1531" VPOS="2513" WIDTH="598" HEIGHT="125" CONTENT="attention" WC="0.99" CC="063006020"/>
					</TextLine>
				</TextBlock>
				<TextBlock ID="P5_TB00014" HPOS="731" VPOS="2929" WIDTH="335" HEIGHT="64" STYLEREFS="TXT_0 PAR_LEFT">
					<TextLine ID="P5_TL00143" HPOS="734" VPOS="2931" WIDTH="330" HEIGHT="32">
						<String ID="P5_ST00727" HPOS="734" VPOS="2931" WIDTH="42" HEIGHT="32" CONTENT="By" WC="0.95" CC="00"/>
						<SP ID="P5_SP00585" HPOS="776" VPOS="2963" WIDTH="13"/>
						<String ID="P5_ST00728" HPOS="789" VPOS="2931" WIDTH="181" HEIGHT="26" CONTENT="PRECIOUS" WC="1.00" CC="00001050"/>
						<SP ID="P5_SP00586" HPOS="970" VPOS="2963" WIDTH="15"/>
						<String ID="P5_ST00729" HPOS="985" VPOS="2932" WIDTH="79" HEIGHT="25" CONTENT="ESIE" WC="0.99" CC="0000"/>
					</TextLine>
					<TextLine ID="P5_TL00144" HPOS="774" VPOS="2970" WIDTH="250" HEIGHT="21">
						<String ID="P5_ST00730" HPOS="774" VPOS="2970" WIDTH="101" HEIGHT="20" CONTENT="Assistant" WC="0.98" CC="355650550"/>
						<SP ID="P5_SP00587" HPOS="875" VPOS="2990" WIDTH="8"/>
						<String ID="P5_ST00731" HPOS="883" VPOS="2971" WIDTH="62" HEIGHT="19" CONTENT="News" WC="0.98" CC="0043"/>
						<SP ID="P5_SP00588" HPOS="945" VPOS="2990" WIDTH="10"/>
						<String ID="P5_ST00732" HPOS="955" VPOS="2971" WIDTH="69" HEIGHT="20" CONTENT="Editor" WC="0.98" CC="116060"/>
					</TextLine>
				</TextBlock>
				<TextBlock ID="P5_TB00015" HPOS="674" VPOS="2689" WIDTH="453" HEIGHT="213" STYLEREFS="TXT_0 PAR_LEFT">
					<TextLine ID="P5_TL00145" HPOS="735" VPOS="2689" WIDTH="338" HEIGHT="59">
						<String ID="P5_ST00733" HPOS="735" VPOS="2689" WIDTH="168" HEIGHT="43" CONTENT="Various" WC="0.99" CC="2620140"/>
						<SP ID="P5_SP00589" HPOS="903" VPOS="2732" WIDTH="18"/>
						<String ID="P5_ST00734" HPOS="921" VPOS="2691" WIDTH="152" HEIGHT="57" CONTENT="majors" WC="0.99" CC="060000"/>
					</TextLine>
					<TextLine ID="P5_TL00146" HPOS="685" VPOS="2761" WIDTH="434" HEIGHT="63">
						<String ID="P5_ST00735" HPOS="685" VPOS="2761" WIDTH="283" HEIGHT="47" CONTENT="collaborated" WC="1.00" CC="023104000400"/>
						<SP ID="P5_SP00590" HPOS="968" VPOS="2808" WIDTH="13"/>
						<String ID="P5_ST00736" HPOS="981" VPOS="2776" WIDTH="40" HEIGHT="32" CONTENT="to" WC="0.75" CC="31"/>
						<SP ID="P5_SP00591" HPOS="1021" VPOS="2808" WIDTH="10"/>
						<String ID="P5_ST00737" HPOS="1031" VPOS="2776" WIDTH="88" HEIGHT="48" CONTENT="put" WC="0.96" CC="550"/>
					</TextLine>
					<TextLine ID="P5_TL00147" HPOS="676" VPOS="2838" WIDTH="450" HEIGHT="62">
						<String ID="P5_ST00738" HPOS="676" VPOS="2856" WIDTH="54" HEIGHT="27" CONTENT="on" WC="0.90" CC="01"/>
						<SP ID="P5_SP00592" HPOS="730" VPOS="2883" WIDTH="22"/>
						<String ID="P5_ST00739" HPOS="752" VPOS="2841" WIDTH="247" HEIGHT="43" CONTENT="10-minute" WC="0.92" CC="002000004"/>
						<SP ID="P5_SP00593" HPOS="999" VPOS="2884" WIDTH="7"/>
						<String ID="P5_ST00740" HPOS="1006" VPOS="2838" WIDTH="120" HEIGHT="62" CONTENT="plays" WC="0.98" CC="31700"/>
					</TextLine>
				</TextBlock>
				<TextBlock ID="P5_TB00016" HPOS="660" VPOS="3037" WIDTH="474" HEIGHT="1083" STYLEREFS="TXT_0 PAR_BLOCK">
					<TextLine ID="P5_TL00148" HPOS="705" VPOS="3040" WIDTH="428" HEIGHT="28">
						<String ID="P5_ST00741" HPOS="705" VPOS="3040" WIDTH="116" HEIGHT="22" CONTENT='"Beware:' WC="1.00" CC="50040000"/>
						<SP ID="P5_SP00594" HPOS="821" VPOS="3062" WIDTH="12"/>
						<String ID="P5_ST00742" HPOS="833" VPOS="3040" WIDTH="128" HEIGHT="22" CONTENT="10-Minute" WC="0.88" CC="000440000"/>
						<SP ID="P5_SP00595" HPOS="961" VPOS="3062" WIDTH="6"/>
						<String ID="P5_ST00743" HPOS="967" VPOS="3040" WIDTH="67" HEIGHT="28" CONTENT="Plays" WC="0.99" CC="30003"/>
						<SP ID="P5_SP00596" HPOS="1034" VPOS="3068" WIDTH="4"/>
						<String ID="P5_ST00744" HPOS="1038" VPOS="3040" WIDTH="95" HEIGHT="23" CONTENT='Ahead"' WC="0.99" CC="000032"/>
					</TextLine>
					<TextLine ID="P5_TL00149" HPOS="663" VPOS="3077" WIDTH="471" HEIGHT="29">
						<String ID="P5_ST00745" HPOS="663" VPOS="3077" WIDTH="63" HEIGHT="29" CONTENT="signs" WC="0.97" CC="63445"/>
						<SP ID="P5_SP00597" HPOS="726" VPOS="3106" WIDTH="21"/>
						<String ID="P5_ST00746" HPOS="747" VPOS="3077" WIDTH="86" HEIGHT="22" CONTENT="around" WC="0.99" CC="700005"/>
						<SP ID="P5_SP00598" HPOS="833" VPOS="3106" WIDTH="20"/>
						<String ID="P5_ST00747" HPOS="853" VPOS="3084" WIDTH="96" HEIGHT="22" CONTENT="campus" WC="0.98" CC="303009"/>
						<SP ID="P5_SP00599" HPOS="949" VPOS="3106" WIDTH="20"/>
						<String ID="P5_ST00748" HPOS="969" VPOS="3084" WIDTH="42" HEIGHT="16" CONTENT="can" WC="0.99" CC="200"/>
						<SP ID="P5_SP00600" HPOS="1011" VPOS="3106" WIDTH="22"/>
						<String ID="P5_ST00749" HPOS="1033" VPOS="3078" WIDTH="67" HEIGHT="22" CONTENT="make" WC="0.97" CC="6044"/>
						<SP ID="P5_SP00601" HPOS="1100" VPOS="3106" WIDTH="21"/>
						<String ID="P5_ST00750" HPOS="1121" VPOS="3085" WIDTH="13" HEIGHT="15" CONTENT="a" WC="1.00" CC="0"/>
					</TextLine>
					<TextLine ID="P5_TL00150" HPOS="662" VPOS="3115" WIDTH="470" HEIGHT="30">
						<String ID="P5_ST00751" HPOS="662" VPOS="3121" WIDTH="83" HEIGHT="23" CONTENT="person" WC="1.00" CC="000000"/>
						<SP ID="P5_SP00602" HPOS="745" VPOS="3144" WIDTH="15"/>
						<String ID="P5_ST00752" HPOS="760" VPOS="3115" WIDTH="93" HEIGHT="22" CONTENT="wonder" WC="0.99" CC="560000"/>
						<SP ID="P5_SP00603" HPOS="853" VPOS="3144" WIDTH="14"/>
						<String ID="P5_ST00753" HPOS="867" VPOS="3115" WIDTH="59" HEIGHT="22" CONTENT="what" WC="0.98" CC="0501"/>
						<SP ID="P5_SP00604" HPOS="926" VPOS="3144" WIDTH="13"/>
						<String ID="P5_ST00754" HPOS="939" VPOS="3116" WIDTH="64" HEIGHT="22" CONTENT="these" WC="1.00" CC="00000"/>
						<SP ID="P5_SP00605" HPOS="1003" VPOS="3144" WIDTH="14"/>
						<String ID="P5_ST00755" HPOS="1017" VPOS="3116" WIDTH="65" HEIGHT="29" CONTENT="plays" WC="1.00" CC="00000"/>
						<SP ID="P5_SP00606" HPOS="1082" VPOS="3145" WIDTH="14"/>
						<String ID="P5_ST00756" HPOS="1096" VPOS="3123" WIDTH="36" HEIGHT="16" CONTENT="are" WC="0.98" CC="050"/>
					</TextLine>
					<TextLine ID="P5_TL00151" HPOS="663" VPOS="3152" WIDTH="470" HEIGHT="24">
						<String ID="P5_ST00757" HPOS="663" VPOS="3152" WIDTH="69" HEIGHT="22" CONTENT="about" WC="0.99" CC="00500"/>
						<SP ID="P5_SP00607" HPOS="732" VPOS="3174" WIDTH="10"/>
						<String ID="P5_ST00758" HPOS="742" VPOS="3152" WIDTH="44" HEIGHT="22" CONTENT="and" WC="1.00" CC="000"/>
						<SP ID="P5_SP00608" HPOS="786" VPOS="3174" WIDTH="11"/>
						<String ID="P5_ST00759" HPOS="797" VPOS="3152" WIDTH="59" HEIGHT="22" CONTENT="what" WC="1.00" CC="0000"/>
						<SP ID="P5_SP00609" HPOS="856" VPOS="3174" WIDTH="12"/>
						<String ID="P5_ST00760" HPOS="868" VPOS="3152" WIDTH="15" HEIGHT="22" CONTENT="it" WC="1.00" CC="00"/>
						<SP ID="P5_SP00610" HPOS="883" VPOS="3174" WIDTH="11"/>
						<String ID="P5_ST00761" HPOS="894" VPOS="3153" WIDTH="55" HEIGHT="22" CONTENT="took" WC="0.98" CC="0313"/>
						<SP ID="P5_SP00611" HPOS="949" VPOS="3175" WIDTH="11"/>
						<String ID="P5_ST00762" HPOS="960" VPOS="3156" WIDTH="23" HEIGHT="19" CONTENT="to" WC="0.84" CC="03"/>
						<SP ID="P5_SP00612" HPOS="983" VPOS="3175" WIDTH="11"/>
						<String ID="P5_ST00763" HPOS="994" VPOS="3154" WIDTH="66" HEIGHT="22" CONTENT="make" WC="1.00" CC="0000"/>
						<SP ID="P5_SP00613" HPOS="1060" VPOS="3176" WIDTH="11"/>
						<String ID="P5_ST00764" HPOS="1071" VPOS="3154" WIDTH="62" HEIGHT="22" CONTENT="them" WC="1.00" CC="0000"/>
					</TextLine>
					<TextLine ID="P5_TL00152" HPOS="663" VPOS="3190" WIDTH="95" HEIGHT="29">
						<String ID="P5_ST00765" HPOS="663" VPOS="3190" WIDTH="95" HEIGHT="29" CONTENT="happen." WC="1.00" CC="0000020"/>
					</TextLine>
					<TextLine ID="P5_TL00153" HPOS="704" VPOS="3227" WIDTH="428" HEIGHT="31">
						<String ID="P5_ST00766" HPOS="704" VPOS="3227" WIDTH="37" HEIGHT="23" CONTENT="On" WC="1.00" CC="00"/>
						<SP ID="P5_SP00614" HPOS="741" VPOS="3250" WIDTH="22"/>
						<String ID="P5_ST00767" HPOS="763" VPOS="3227" WIDTH="55" HEIGHT="23" CONTENT="Dec." WC="1.00" CC="0000"/>
						<SP ID="P5_SP00615" HPOS="818" VPOS="3250" WIDTH="27"/>
						<String ID="P5_ST00768" HPOS="845" VPOS="3227" WIDTH="6" HEIGHT="23" CONTENT="1" WC="0.60" CC="3"/>
						<SP ID="P5_SP00616" HPOS="851" VPOS="3250" WIDTH="25"/>
						<String ID="P5_ST00769" HPOS="876" VPOS="3228" WIDTH="44" HEIGHT="22" CONTENT="and" WC="1.00" CC="000"/>
						<SP ID="P5_SP00617" HPOS="920" VPOS="3250" WIDTH="22"/>
						<String ID="P5_ST00770" HPOS="942" VPOS="3228" WIDTH="21" HEIGHT="26" CONTENT="8," WC="0.86" CC="20"/>
						<SP ID="P5_SP00618" HPOS="963" VPOS="3254" WIDTH="22"/>
						<String ID="P5_ST00771" HPOS="985" VPOS="3228" WIDTH="147" HEIGHT="30" CONTENT="playwrights" WC="1.00" CC="00000000014"/>
					</TextLine>
					<TextLine ID="P5_TL00154" HPOS="662" VPOS="3265" WIDTH="470" HEIGHT="29">
						<String ID="P5_ST00772" HPOS="662" VPOS="3265" WIDTH="102" HEIGHT="23" CONTENT="enrolled" WC="1.00" CC="20030000"/>
						<SP ID="P5_SP00619" HPOS="764" VPOS="3288" WIDTH="20"/>
						<String ID="P5_ST00773" HPOS="784" VPOS="3265" WIDTH="22" HEIGHT="22" CONTENT="in" WC="1.00" CC="00"/>
						<SP ID="P5_SP00620" HPOS="806" VPOS="3288" WIDTH="20"/>
						<String ID="P5_ST00774" HPOS="826" VPOS="3265" WIDTH="93" HEIGHT="29" CONTENT="English" WC="0.99" CC="6150500"/>
						<SP ID="P5_SP00621" HPOS="919" VPOS="3294" WIDTH="20"/>
						<String ID="P5_ST00775" HPOS="939" VPOS="3266" WIDTH="117" HEIGHT="28" CONTENT="professor" WC="1.00" CC="060000100"/>
						<SP ID="P5_SP00622" HPOS="1056" VPOS="3294" WIDTH="18"/>
						<String ID="P5_ST00776" HPOS="1074" VPOS="3267" WIDTH="58" HEIGHT="22" CONTENT="John" WC="0.99" CC="5000"/>
					</TextLine>
					<TextLine ID="P5_TL00155" HPOS="664" VPOS="3302" WIDTH="468" HEIGHT="30">
						<String ID="P5_ST00777" HPOS="664" VPOS="3302" WIDTH="131" HEIGHT="30" CONTENT="Biguenet's" WC="0.97" CC="0000000030"/>
						<SP ID="P5_SP00623" HPOS="795" VPOS="3332" WIDTH="14"/>
						<String ID="P5_ST00778" HPOS="809" VPOS="3303" WIDTH="68" HEIGHT="26" CONTENT="class," WC="0.99" CC="161020"/>
						<SP ID="P5_SP00624" HPOS="877" VPOS="3332" WIDTH="13"/>
						<String ID="P5_ST00779" HPOS="890" VPOS="3303" WIDTH="110" HEIGHT="29" CONTENT='"Writing' WC="1.00" CC="05004000"/>
						<SP ID="P5_SP00625" HPOS="1000" VPOS="3332" WIDTH="15"/>
						<String ID="P5_ST00780" HPOS="1015" VPOS="3305" WIDTH="36" HEIGHT="22" CONTENT="the" WC="0.98" CC="050"/>
						<SP ID="P5_SP00626" HPOS="1051" VPOS="3332" WIDTH="14"/>
						<String ID="P5_ST00781" HPOS="1065" VPOS="3305" WIDTH="67" HEIGHT="22" CONTENT="Short" WC="1.00" CC="30000"/>
					</TextLine>
					<TextLine ID="P5_TL00156" HPOS="662" VPOS="3340" WIDTH="470" HEIGHT="29">
						<String ID="P5_ST00782" HPOS="662" VPOS="3340" WIDTH="88" HEIGHT="29" CONTENT='Script"' WC="1.00" CC="0000000"/>
						<SP ID="P5_SP00627" HPOS="750" VPOS="3369" WIDTH="28"/>
						<String ID="P5_ST00783" HPOS="778" VPOS="3340" WIDTH="155" HEIGHT="23" CONTENT="collaborated" WC="1.00" CC="103035620000"/>
						<SP ID="P5_SP00628" HPOS="933" VPOS="3369" WIDTH="31"/>
						<String ID="P5_ST00784" HPOS="964" VPOS="3342" WIDTH="54" HEIGHT="22" CONTENT="with" WC="1.00" CC="0100"/>
						<SP ID="P5_SP00629" HPOS="1018" VPOS="3369" WIDTH="30"/>
						<String ID="P5_ST00785" HPOS="1048" VPOS="3342" WIDTH="84" HEIGHT="23" CONTENT="theatre" WC="1.00" CC="0000040"/>
					</TextLine>
					<TextLine ID="P5_TL00157" HPOS="662" VPOS="3377" WIDTH="470" HEIGHT="30">
						<String ID="P5_ST00786" HPOS="662" VPOS="3378" WIDTH="44" HEIGHT="22" CONTENT="and" WC="0.98" CC="230"/>
						<SP ID="P5_SP00630" HPOS="706" VPOS="3400" WIDTH="17"/>
						<String ID="P5_ST00787" HPOS="723" VPOS="3377" WIDTH="94" HEIGHT="30" CONTENT="graphic" WC="0.99" CC="8200000"/>
						<SP ID="P5_SP00631" HPOS="817" VPOS="3407" WIDTH="17"/>
						<String ID="P5_ST00788" HPOS="834" VPOS="3378" WIDTH="82" HEIGHT="29" CONTENT="design" WC="1.00" CC="000200"/>
						<SP ID="P5_SP00632" HPOS="916" VPOS="3407" WIDTH="18"/>
						<String ID="P5_ST00789" HPOS="934" VPOS="3379" WIDTH="102" HEIGHT="23" CONTENT="students" WC="1.00" CC="00003302"/>
						<SP ID="P5_SP00633" HPOS="1036" VPOS="3407" WIDTH="18"/>
						<String ID="P5_ST00790" HPOS="1054" VPOS="3380" WIDTH="22" HEIGHT="22" CONTENT="in" WC="0.91" CC="01"/>
						<SP ID="P5_SP00634" HPOS="1076" VPOS="3407" WIDTH="19"/>
						<String ID="P5_ST00791" HPOS="1095" VPOS="3380" WIDTH="37" HEIGHT="23" CONTENT="the" WC="1.00" CC="000"/>
					</TextLine>
					<TextLine ID="P5_TL00158" HPOS="662" VPOS="3415" WIDTH="470" HEIGHT="29">
						<String ID="P5_ST00792" HPOS="662" VPOS="3415" WIDTH="135" HEIGHT="29" CONTENT="production" WC="1.00" CC="0005010000"/>
						<SP ID="P5_SP00635" HPOS="797" VPOS="3444" WIDTH="14"/>
						<String ID="P5_ST00793" HPOS="811" VPOS="3415" WIDTH="28" HEIGHT="22" CONTENT="of" WC="1.00" CC="00"/>
						<SP ID="P5_SP00636" HPOS="839" VPOS="3444" WIDTH="12"/>
						<String ID="P5_ST00794" HPOS="851" VPOS="3422" WIDTH="13" HEIGHT="15" CONTENT="a" WC="1.00" CC="0"/>
						<SP ID="P5_SP00637" HPOS="864" VPOS="3444" WIDTH="15"/>
						<String ID="P5_ST00795" HPOS="879" VPOS="3416" WIDTH="70" HEIGHT="22" CONTENT="series" WC="0.99" CC="900000"/>
						<SP ID="P5_SP00638" HPOS="949" VPOS="3444" WIDTH="14"/>
						<String ID="P5_ST00796" HPOS="963" VPOS="3416" WIDTH="28" HEIGHT="23" CONTENT="of" WC="0.90" CC="10"/>
						<SP ID="P5_SP00639" HPOS="991" VPOS="3444" WIDTH="16"/>
						<String ID="P5_ST00797" HPOS="1007" VPOS="3417" WIDTH="125" HEIGHT="23" CONTENT="10-minute" WC="0.91" CC="050000200"/>
					</TextLine>
					<TextLine ID="P5_TL00159" HPOS="662" VPOS="3453" WIDTH="470" HEIGHT="31">
						<String ID="P5_ST00798" HPOS="662" VPOS="3453" WIDTH="72" HEIGHT="29" CONTENT="plays," WC="1.00" CC="000020"/>
						<SP ID="P5_SP00640" HPOS="734" VPOS="3482" WIDTH="39"/>
						<String ID="P5_ST00799" HPOS="773" VPOS="3453" WIDTH="130" HEIGHT="28" CONTENT="performed" WC="1.00" CC="000000000"/>
						<SP ID="P5_SP00641" HPOS="903" VPOS="3482" WIDTH="40"/>
						<String ID="P5_ST00800" HPOS="943" VPOS="3454" WIDTH="21" HEIGHT="22" CONTENT="in" WC="1.00" CC="00"/>
						<SP ID="P5_SP00642" HPOS="964" VPOS="3482" WIDTH="41"/>
						<String ID="P5_ST00801" HPOS="1005" VPOS="3454" WIDTH="127" HEIGHT="30" CONTENT="Marquette" WC="0.99" CC="500500360"/>
					</TextLine>
					<TextLine ID="P5_TL00160" HPOS="662" VPOS="3491" WIDTH="470" HEIGHT="30">
						<String ID="P5_ST00802" HPOS="662" VPOS="3491" WIDTH="101" HEIGHT="22" CONTENT="Theatre." WC="1.00" CC="20003000"/>
						<SP ID="P5_SP00643" HPOS="763" VPOS="3513" WIDTH="25"/>
						<String ID="P5_ST00803" HPOS="788" VPOS="3491" WIDTH="73" HEIGHT="22" CONTENT="There" WC="0.99" CC="34000"/>
						<SP ID="P5_SP00644" HPOS="861" VPOS="3513" WIDTH="26"/>
						<String ID="P5_ST00804" HPOS="887" VPOS="3498" WIDTH="58" HEIGHT="16" CONTENT="were" WC="0.98" CC="7000"/>
						<SP ID="P5_SP00645" HPOS="945" VPOS="3514" WIDTH="26"/>
						<String ID="P5_ST00805" HPOS="971" VPOS="3498" WIDTH="70" HEIGHT="17" CONTENT="seven" WC="1.00" CC="00000"/>
						<SP ID="P5_SP00646" HPOS="1041" VPOS="3515" WIDTH="25"/>
						<String ID="P5_ST00806" HPOS="1066" VPOS="3492" WIDTH="66" HEIGHT="29" CONTENT="plays" WC="0.99" CC="00070"/>
					</TextLine>
					<TextLine ID="P5_TL00161" HPOS="662" VPOS="3528" WIDTH="274" HEIGHT="30">
						<String ID="P5_ST00807" HPOS="662" VPOS="3528" WIDTH="129" HEIGHT="29" CONTENT="performed" WC="1.00" CC="005010000"/>
						<SP ID="P5_SP00647" HPOS="791" VPOS="3557" WIDTH="9"/>
						<String ID="P5_ST00808" HPOS="800" VPOS="3529" WIDTH="56" HEIGHT="22" CONTENT="each" WC="0.99" CC="0002"/>
						<SP ID="P5_SP00648" HPOS="856" VPOS="3557" WIDTH="11"/>
						<String ID="P5_ST00809" HPOS="867" VPOS="3529" WIDTH="69" HEIGHT="29" CONTENT="night." WC="0.99" CC="440200"/>
					</TextLine>
					<TextLine ID="P5_TL00162" HPOS="703" VPOS="3565" WIDTH="429" HEIGHT="29">
						<String ID="P5_ST00810" HPOS="703" VPOS="3566" WIDTH="71" HEIGHT="22" CONTENT='"John' WC="0.99" CC="42020"/>
						<SP ID="P5_SP00649" HPOS="774" VPOS="3588" WIDTH="26"/>
						<String ID="P5_ST00811" HPOS="800" VPOS="3565" WIDTH="111" HEIGHT="29" CONTENT="Biguenet" WC="0.97" CC="10000000"/>
						<SP ID="P5_SP00650" HPOS="911" VPOS="3594" WIDTH="23"/>
						<String ID="P5_ST00812" HPOS="934" VPOS="3566" WIDTH="19" HEIGHT="22" CONTENT="is" WC="1.00" CC="00"/>
						<SP ID="P5_SP00651" HPOS="953" VPOS="3594" WIDTH="24"/>
						<String ID="P5_ST00813" HPOS="977" VPOS="3567" WIDTH="36" HEIGHT="22" CONTENT="the" WC="0.99" CC="030"/>
						<SP ID="P5_SP00652" HPOS="1013" VPOS="3594" WIDTH="25"/>
						<String ID="P5_ST00814" HPOS="1038" VPOS="3567" WIDTH="94" HEIGHT="23" CONTENT="'brains'" WC="1.00" CC="30020002"/>
					</TextLine>
					<TextLine ID="P5_TL00163" HPOS="662" VPOS="3603" WIDTH="469" HEIGHT="24">
						<String ID="P5_ST00815" HPOS="662" VPOS="3603" WIDTH="83" HEIGHT="23" CONTENT="behind" WC="1.00" CC="040100"/>
						<SP ID="P5_SP00653" HPOS="745" VPOS="3626" WIDTH="18"/>
						<String ID="P5_ST00816" HPOS="763" VPOS="3603" WIDTH="37" HEIGHT="22" CONTENT="the" WC="0.98" CC="050"/>
						<SP ID="P5_SP00654" HPOS="800" VPOS="3626" WIDTH="17"/>
						<String ID="P5_ST00817" HPOS="817" VPOS="3603" WIDTH="70" HEIGHT="23" CONTENT="entire" WC="1.00" CC="002000"/>
						<SP ID="P5_SP00655" HPOS="887" VPOS="3626" WIDTH="18"/>
						<String ID="P5_ST00818" HPOS="905" VPOS="3603" WIDTH="171" HEIGHT="24" CONTENT="collaboration." WC="1.00" CC="23000000004000"/>
						<SP ID="P5_SP00656" HPOS="1076" VPOS="3627" WIDTH="20"/>
						<String ID="P5_ST00819" HPOS="1096" VPOS="3605" WIDTH="35" HEIGHT="22" CONTENT="He" WC="1.00" CC="00"/>
					</TextLine>
					<TextLine ID="P5_TL00164" HPOS="664" VPOS="3641" WIDTH="467" HEIGHT="29">
						<String ID="P5_ST00820" HPOS="664" VPOS="3659" WIDTH="25" HEIGHT="5" CONTENT="..." WC="1.00" CC="000"/>
						<SP ID="P5_SP00657" HPOS="689" VPOS="3664" WIDTH="23"/>
						<String ID="P5_ST00821" HPOS="712" VPOS="3642" WIDTH="143" HEIGHT="28" CONTENT="approached" WC="1.00" CC="0000310000"/>
						<SP ID="P5_SP00658" HPOS="855" VPOS="3670" WIDTH="21"/>
						<String ID="P5_ST00822" HPOS="876" VPOS="3641" WIDTH="118" HEIGHT="23" CONTENT="Professor" WC="0.99" CC="101019900"/>
						<SP ID="P5_SP00659" HPOS="994" VPOS="3670" WIDTH="19"/>
						<String ID="P5_ST00823" HPOS="1013" VPOS="3642" WIDTH="118" HEIGHT="27" CONTENT="(Daniela)" WC="0.86" CC="143020000"/>
					</TextLine>
					<TextLine ID="P5_TL00165" HPOS="662" VPOS="3679" WIDTH="468" HEIGHT="29">
						<String ID="P5_ST00824" HPOS="662" VPOS="3680" WIDTH="65" HEIGHT="21" CONTENT="Marx" WC="0.96" CC="6064"/>
						<SP ID="P5_SP00660" HPOS="727" VPOS="3701" WIDTH="16"/>
						<String ID="P5_ST00825" HPOS="743" VPOS="3679" WIDTH="43" HEIGHT="22" CONTENT="and" WC="1.00" CC="010"/>
						<SP ID="P5_SP00661" HPOS="786" VPOS="3701" WIDTH="16"/>
						<String ID="P5_ST00826" HPOS="802" VPOS="3679" WIDTH="6" HEIGHT="22" CONTENT="I" WC="0.51" CC="4"/>
						<SP ID="P5_SP00662" HPOS="808" VPOS="3701" WIDTH="16"/>
						<String ID="P5_ST00827" HPOS="824" VPOS="3679" WIDTH="68" HEIGHT="22" CONTENT="about" WC="0.98" CC="00940"/>
						<SP ID="P5_SP00663" HPOS="892" VPOS="3701" WIDTH="14"/>
						<String ID="P5_ST00828" HPOS="906" VPOS="3679" WIDTH="165" HEIGHT="29" CONTENT="collaborating" WC="1.00" CC="0000000200007"/>
						<SP ID="P5_SP00664" HPOS="1071" VPOS="3708" WIDTH="16"/>
						<String ID="P5_ST00829" HPOS="1087" VPOS="3680" WIDTH="43" HEIGHT="22" CONTENT="and" WC="0.98" CC="050"/>
					</TextLine>
					<TextLine ID="P5_TL00166" HPOS="662" VPOS="3716" WIDTH="468" HEIGHT="30">
						<String ID="P5_ST00830" HPOS="662" VPOS="3716" WIDTH="138" HEIGHT="30" CONTENT="performing" WC="0.99" CC="0301009300"/>
						<SP ID="P5_SP00665" HPOS="800" VPOS="3746" WIDTH="22"/>
						<String ID="P5_ST00831" HPOS="822" VPOS="3717" WIDTH="78" HEIGHT="28" CONTENT="staged" WC="1.00" CC="000000"/>
						<SP ID="P5_SP00666" HPOS="900" VPOS="3746" WIDTH="22"/>
						<String ID="P5_ST00832" HPOS="922" VPOS="3717" WIDTH="105" HEIGHT="29" CONTENT="readings" WC="0.99" CC="00070048"/>
						<SP ID="P5_SP00667" HPOS="1027" VPOS="3746" WIDTH="20"/>
						<String ID="P5_ST00833" HPOS="1047" VPOS="3717" WIDTH="27" HEIGHT="22" CONTENT="of" WC="0.98" CC="00"/>
						<SP ID="P5_SP00668" HPOS="1074" VPOS="3746" WIDTH="19"/>
						<String ID="P5_ST00834" HPOS="1093" VPOS="3718" WIDTH="37" HEIGHT="21" CONTENT="the" WC="0.98" CC="040"/>
					</TextLine>
					<TextLine ID="P5_TL00167" HPOS="662" VPOS="3754" WIDTH="468" HEIGHT="29">
						<String ID="P5_ST00835" HPOS="662" VPOS="3754" WIDTH="109" HEIGHT="23" CONTENT="students'" WC="0.99" CC="932010100"/>
						<SP ID="P5_SP00669" HPOS="771" VPOS="3777" WIDTH="17"/>
						<String ID="P5_ST00836" HPOS="788" VPOS="3754" WIDTH="52" HEIGHT="22" CONTENT="final" WC="1.00" CC="00003"/>
						<SP ID="P5_SP00670" HPOS="840" VPOS="3777" WIDTH="18"/>
						<String ID="P5_ST00837" HPOS="858" VPOS="3754" WIDTH="102" HEIGHT="29" CONTENT='scripts,"' WC="1.00" CC="030200000"/>
						<SP ID="P5_SP00671" HPOS="960" VPOS="3783" WIDTH="17"/>
						<String ID="P5_ST00838" HPOS="977" VPOS="3755" WIDTH="49" HEIGHT="22" CONTENT="said" WC="0.99" CC="0300"/>
						<SP ID="P5_SP00672" HPOS="1026" VPOS="3783" WIDTH="17"/>
						<String ID="P5_ST00839" HPOS="1043" VPOS="3755" WIDTH="87" HEIGHT="22" CONTENT="Patrick" WC="1.00" CC="1000000"/>
					</TextLine>
					<TextLine ID="P5_TL00168" HPOS="661" VPOS="3792" WIDTH="468" HEIGHT="25">
						<String ID="P5_ST00840" HPOS="661" VPOS="3792" WIDTH="116" HEIGHT="25" CONTENT="Gendusa," WC="0.88" CC="00000800"/>
						<SP ID="P5_SP00673" HPOS="777" VPOS="3817" WIDTH="28"/>
						<String ID="P5_ST00841" HPOS="805" VPOS="3792" WIDTH="83" HEIGHT="22" CONTENT="theatre" WC="1.00" CC="0300000"/>
						<SP ID="P5_SP00674" HPOS="888" VPOS="3817" WIDTH="28"/>
						<String ID="P5_ST00842" HPOS="916" VPOS="3796" WIDTH="44" HEIGHT="18" CONTENT="arts" WC="0.99" CC="6000"/>
						<SP ID="P5_SP00675" HPOS="960" VPOS="3817" WIDTH="27"/>
						<String ID="P5_ST00843" HPOS="987" VPOS="3793" WIDTH="44" HEIGHT="22" CONTENT="and" WC="1.00" CC="000"/>
						<SP ID="P5_SP00676" HPOS="1031" VPOS="3817" WIDTH="26"/>
						<String ID="P5_ST00844" HPOS="1057" VPOS="3793" WIDTH="72" HEIGHT="22" CONTENT="dance" WC="1.00" CC="00000"/>
					</TextLine>
					<TextLine ID="P5_TL00169" HPOS="661" VPOS="3829" WIDTH="468" HEIGHT="31">
						<String ID="P5_ST00845" HPOS="661" VPOS="3829" WIDTH="117" HEIGHT="30" CONTENT="professor" WC="1.00" CC="004000012"/>
						<SP ID="P5_SP00677" HPOS="778" VPOS="3859" WIDTH="8"/>
						<String ID="P5_ST00846" HPOS="786" VPOS="3830" WIDTH="43" HEIGHT="22" CONTENT="and" WC="1.00" CC="010"/>
						<SP ID="P5_SP00678" HPOS="829" VPOS="3859" WIDTH="10"/>
						<String ID="P5_ST00847" HPOS="839" VPOS="3830" WIDTH="97" HEIGHT="22" CONTENT="director" WC="0.99" CC="34000020"/>
						<SP ID="P5_SP00679" HPOS="936" VPOS="3859" WIDTH="8"/>
						<String ID="P5_ST00848" HPOS="944" VPOS="3830" WIDTH="28" HEIGHT="22" CONTENT="of" WC="1.00" CC="00"/>
						<SP ID="P5_SP00680" HPOS="972" VPOS="3859" WIDTH="6"/>
						<String ID="P5_ST00849" HPOS="978" VPOS="3830" WIDTH="37" HEIGHT="23" CONTENT="the" WC="1.00" CC="000"/>
						<SP ID="P5_SP00681" HPOS="1015" VPOS="3859" WIDTH="10"/>
						<String ID="P5_ST00850" HPOS="1025" VPOS="3830" WIDTH="73" HEIGHT="30" CONTENT="plays," WC="1.00" CC="002000"/>
						<SP ID="P5_SP00682" HPOS="1098" VPOS="3860" WIDTH="10"/>
						<String ID="P5_ST00851" HPOS="1108" VPOS="3830" WIDTH="21" HEIGHT="23" CONTENT="in" WC="0.92" CC="01"/>
					</TextLine>
					<TextLine ID="P5_TL00170" HPOS="661" VPOS="3868" WIDTH="123" HEIGHT="22">
						<String ID="P5_ST00852" HPOS="661" VPOS="3874" WIDTH="27" HEIGHT="16" CONTENT="an" WC="0.93" CC="01"/>
						<SP ID="P5_SP00683" HPOS="688" VPOS="3890" WIDTH="10"/>
						<String ID="P5_ST00853" HPOS="698" VPOS="3868" WIDTH="86" HEIGHT="22" CONTENT="e-mail." WC="0.99" CC="5000040"/>
					</TextLine>
					<TextLine ID="P5_TL00171" HPOS="703" VPOS="3906" WIDTH="428" HEIGHT="29">
						<String ID="P5_ST00854" HPOS="703" VPOS="3906" WIDTH="74" HEIGHT="24" CONTENT="Marx," WC="1.00" CC="00000"/>
						<SP ID="P5_SP00684" HPOS="777" VPOS="3930" WIDTH="33"/>
						<String ID="P5_ST00855" HPOS="810" VPOS="3912" WIDTH="27" HEIGHT="16" CONTENT="an" WC="0.69" CC="06"/>
						<SP ID="P5_SP00685" HPOS="837" VPOS="3930" WIDTH="33"/>
						<String ID="P5_ST00856" HPOS="870" VPOS="3907" WIDTH="112" HEIGHT="22" CONTENT="associate" WC="1.00" CC="000041000"/>
						<SP ID="P5_SP00686" HPOS="982" VPOS="3930" WIDTH="33"/>
						<String ID="P5_ST00857" HPOS="1015" VPOS="3907" WIDTH="116" HEIGHT="28" CONTENT="professor" WC="1.00" CC="005000250"/>
					</TextLine>
					<TextLine ID="P5_TL00172" HPOS="660" VPOS="3943" WIDTH="470" HEIGHT="30">
						<String ID="P5_ST00858" HPOS="660" VPOS="3943" WIDTH="28" HEIGHT="23" CONTENT="of" WC="0.81" CC="30"/>
						<SP ID="P5_SP00687" HPOS="688" VPOS="3966" WIDTH="20"/>
						<String ID="P5_ST00859" HPOS="708" VPOS="3943" WIDTH="92" HEIGHT="30" CONTENT="graphic" WC="1.00" CC="0000000"/>
						<SP ID="P5_SP00688" HPOS="800" VPOS="3973" WIDTH="25"/>
						<String ID="P5_ST00860" HPOS="825" VPOS="3944" WIDTH="88" HEIGHT="29" CONTENT="design," WC="1.00" CC="1020000"/>
						<SP ID="P5_SP00689" HPOS="913" VPOS="3973" WIDTH="25"/>
						<String ID="P5_ST00861" HPOS="938" VPOS="3945" WIDTH="76" HEIGHT="28" CONTENT="taught" WC="0.98" CC="400704"/>
						<SP ID="P5_SP00690" HPOS="1014" VPOS="3973" WIDTH="24"/>
						<String ID="P5_ST00862" HPOS="1038" VPOS="3945" WIDTH="37" HEIGHT="22" CONTENT="the" WC="1.00" CC="000"/>
						<SP ID="P5_SP00691" HPOS="1075" VPOS="3973" WIDTH="24"/>
						<String ID="P5_ST00863" HPOS="1099" VPOS="3949" WIDTH="31" HEIGHT="18" CONTENT="art" WC="1.00" CC="000"/>
					</TextLine>
					<TextLine ID="P5_TL00173" HPOS="660" VPOS="3981" WIDTH="470" HEIGHT="29">
						<String ID="P5_ST00864" HPOS="660" VPOS="3985" WIDTH="139" HEIGHT="25" CONTENT="component" WC="1.00" CC="000025000"/>
						<SP ID="P5_SP00692" HPOS="799" VPOS="4010" WIDTH="15"/>
						<String ID="P5_ST00865" HPOS="814" VPOS="3981" WIDTH="27" HEIGHT="23" CONTENT="of" WC="0.65" CC="06"/>
						<SP ID="P5_SP00693" HPOS="841" VPOS="4010" WIDTH="13"/>
						<String ID="P5_ST00866" HPOS="854" VPOS="3982" WIDTH="36" HEIGHT="22" CONTENT="the" WC="0.98" CC="500"/>
						<SP ID="P5_SP00694" HPOS="890" VPOS="4010" WIDTH="15"/>
						<String ID="P5_ST00867" HPOS="905" VPOS="3982" WIDTH="166" HEIGHT="23" CONTENT="collaboration" WC="1.00" CC="0000004000002"/>
						<SP ID="P5_SP00695" HPOS="1071" VPOS="4010" WIDTH="16"/>
						<String ID="P5_ST00868" HPOS="1087" VPOS="3984" WIDTH="43" HEIGHT="22" CONTENT="and" WC="1.00" CC="000"/>
					</TextLine>
					<TextLine ID="P5_TL00174" HPOS="660" VPOS="4019" WIDTH="367" HEIGHT="29">
						<String ID="P5_ST00869" HPOS="660" VPOS="4019" WIDTH="109" HEIGHT="22" CONTENT="Gendusa" WC="0.96" CC="0020000"/>
						<SP ID="P5_SP00696" HPOS="769" VPOS="4041" WIDTH="9"/>
						<String ID="P5_ST00870" HPOS="778" VPOS="4019" WIDTH="111" HEIGHT="29" CONTENT="provided" WC="1.00" CC="00100040"/>
						<SP ID="P5_SP00697" HPOS="889" VPOS="4048" WIDTH="10"/>
						<String ID="P5_ST00871" HPOS="899" VPOS="4020" WIDTH="36" HEIGHT="22" CONTENT="the" WC="0.97" CC="160"/>
						<SP ID="P5_SP00698" HPOS="935" VPOS="4048" WIDTH="10"/>
						<String ID="P5_ST00872" HPOS="945" VPOS="4024" WIDTH="82" HEIGHT="19" CONTENT="actors," WC="0.99" CC="0003193"/>
					</TextLine>
					<TextLine ID="P5_TL00175" HPOS="701" VPOS="4057" WIDTH="429" HEIGHT="25">
						<String ID="P5_ST00873" HPOS="701" VPOS="4057" WIDTH="23" HEIGHT="22" CONTENT='"I' WC="0.59" CC="43"/>
						<SP ID="P5_SP00699" HPOS="724" VPOS="4079" WIDTH="32"/>
						<String ID="P5_ST00874" HPOS="756" VPOS="4057" WIDTH="86" HEIGHT="22" CONTENT="choose" WC="0.99" CC="100210"/>
						<SP ID="P5_SP00700" HPOS="842" VPOS="4079" WIDTH="33"/>
						<String ID="P5_ST00875" HPOS="875" VPOS="4058" WIDTH="102" HEIGHT="22" CONTENT="students" WC="0.99" CC="90300400"/>
						<SP ID="P5_SP00701" HPOS="977" VPOS="4080" WIDTH="32"/>
						<String ID="P5_ST00876" HPOS="1009" VPOS="4059" WIDTH="52" HEIGHT="22" CONTENT="who" WC="1.00" CC="100"/>
						<SP ID="P5_SP00702" HPOS="1061" VPOS="4081" WIDTH="32"/>
						<String ID="P5_ST00877" HPOS="1093" VPOS="4066" WIDTH="37" HEIGHT="16" CONTENT="are" WC="0.99" CC="002"/>
					</TextLine>
					<TextLine ID="P5_TL00176" HPOS="661" VPOS="4094" WIDTH="469" HEIGHT="26">
						<String ID="P5_ST00878" HPOS="661" VPOS="4094" WIDTH="128" HEIGHT="26" CONTENT="interested," WC="1.00" CC="30006010000"/>
						<SP ID="P5_SP00703" HPOS="789" VPOS="4120" WIDTH="38"/>
						<String ID="P5_ST00879" HPOS="827" VPOS="4095" WIDTH="51" HEIGHT="22" CONTENT="who" WC="1.00" CC="000"/>
						<SP ID="P5_SP00704" HPOS="878" VPOS="4120" WIDTH="38"/>
						<String ID="P5_ST00880" HPOS="916" VPOS="4095" WIDTH="57" HEIGHT="23" CONTENT="have" WC="1.00" CC="0000"/>
						<SP ID="P5_SP00705" HPOS="973" VPOS="4120" WIDTH="37"/>
						<String ID="P5_ST00881" HPOS="1010" VPOS="4100" WIDTH="39" HEIGHT="19" CONTENT="not" WC="0.98" CC="021"/>
						<SP ID="P5_SP00706" HPOS="1049" VPOS="4120" WIDTH="38"/>
						<String ID="P5_ST00882" HPOS="1087" VPOS="4097" WIDTH="43" HEIGHT="22" CONTENT="had" WC="1.00" CC="000"/>
					</TextLine>
				</TextBlock>
				<TextBlock ID="P5_TB00017" HPOS="1173" VPOS="3582" WIDTH="473" HEIGHT="558" STYLEREFS="TXT_0 PAR_BLOCK">
					<TextLine ID="P5_TL00177" HPOS="1175" VPOS="3582" WIDTH="470" HEIGHT="31">
						<String ID="P5_ST00883" HPOS="1175" VPOS="3582" WIDTH="37" HEIGHT="22" CONTENT="the" WC="0.99" CC="201"/>
						<SP ID="P5_SP00707" HPOS="1212" VPOS="3604" WIDTH="31"/>
						<String ID="P5_ST00884" HPOS="1243" VPOS="3583" WIDTH="146" HEIGHT="29" CONTENT="opportunity" WC="1.00" CC="10050002020"/>
						<SP ID="P5_SP00708" HPOS="1389" VPOS="3612" WIDTH="33"/>
						<String ID="P5_ST00885" HPOS="1422" VPOS="3587" WIDTH="37" HEIGHT="25" CONTENT="yet" WC="0.98" CC="004"/>
						<SP ID="P5_SP00709" HPOS="1459" VPOS="3612" WIDTH="32"/>
						<String ID="P5_ST00886" HPOS="1491" VPOS="3587" WIDTH="23" HEIGHT="19" CONTENT="to" WC="0.67" CC="23"/>
						<SP ID="P5_SP00710" HPOS="1514" VPOS="3612" WIDTH="32"/>
						<String ID="P5_ST00887" HPOS="1546" VPOS="3584" WIDTH="99" HEIGHT="29" CONTENT="perform" WC="1.00" CC="0000000"/>
					</TextLine>
					<TextLine ID="P5_TL00178" HPOS="1176" VPOS="3619" WIDTH="469" HEIGHT="30">
						<String ID="P5_ST00888" HPOS="1176" VPOS="3619" WIDTH="21" HEIGHT="23" CONTENT="in" WC="1.00" CC="00"/>
						<SP ID="P5_SP00711" HPOS="1197" VPOS="3642" WIDTH="27"/>
						<String ID="P5_ST00889" HPOS="1224" VPOS="3626" WIDTH="13" HEIGHT="16" CONTENT="a" WC="1.00" CC="0"/>
						<SP ID="P5_SP00712" HPOS="1237" VPOS="3642" WIDTH="27"/>
						<String ID="P5_ST00890" HPOS="1264" VPOS="3620" WIDTH="126" HEIGHT="29" CONTENT="mainstage" WC="0.89" CC="000090000"/>
						<SP ID="P5_SP00713" HPOS="1390" VPOS="3649" WIDTH="28"/>
						<String ID="P5_ST00891" HPOS="1418" VPOS="3620" WIDTH="70" HEIGHT="26" CONTENT="show," WC="0.99" CC="30400"/>
						<SP ID="P5_SP00714" HPOS="1488" VPOS="3649" WIDTH="27"/>
						<String ID="P5_ST00892" HPOS="1515" VPOS="3621" WIDTH="43" HEIGHT="22" CONTENT="and" WC="0.97" CC="006"/>
						<SP ID="P5_SP00715" HPOS="1558" VPOS="3649" WIDTH="29"/>
						<String ID="P5_ST00893" HPOS="1587" VPOS="3625" WIDTH="58" HEIGHT="19" CONTENT="most" WC="0.98" CC="0403"/>
					</TextLine>
					<TextLine ID="P5_TL00179" HPOS="1176" VPOS="3657" WIDTH="469" HEIGHT="29">
						<String ID="P5_ST00894" HPOS="1176" VPOS="3657" WIDTH="149" HEIGHT="29" CONTENT="importantly," WC="1.00" CC="300000000000"/>
						<SP ID="P5_SP00716" HPOS="1325" VPOS="3686" WIDTH="18"/>
						<String ID="P5_ST00895" HPOS="1343" VPOS="3658" WIDTH="102" HEIGHT="22" CONTENT="students" WC="0.99" CC="61022500"/>
						<SP ID="P5_SP00717" HPOS="1445" VPOS="3686" WIDTH="18"/>
						<String ID="P5_ST00896" HPOS="1463" VPOS="3658" WIDTH="53" HEIGHT="22" CONTENT="who" WC="1.00" CC="000"/>
						<SP ID="P5_SP00718" HPOS="1516" VPOS="3686" WIDTH="18"/>
						<String ID="P5_ST00897" HPOS="1534" VPOS="3658" WIDTH="57" HEIGHT="23" CONTENT="have" WC="1.00" CC="0001"/>
						<SP ID="P5_SP00719" HPOS="1591" VPOS="3686" WIDTH="18"/>
						<String ID="P5_ST00898" HPOS="1609" VPOS="3659" WIDTH="36" HEIGHT="22" CONTENT="the" WC="1.00" CC="000"/>
					</TextLine>
					<TextLine ID="P5_TL00180" HPOS="1174" VPOS="3694" WIDTH="471" HEIGHT="29">
						<String ID="P5_ST00899" HPOS="1174" VPOS="3694" WIDTH="68" HEIGHT="22" CONTENT="talent" WC="1.00" CC="000050"/>
						<SP ID="P5_SP00720" HPOS="1242" VPOS="3716" WIDTH="17"/>
						<String ID="P5_ST00900" HPOS="1259" VPOS="3698" WIDTH="23" HEIGHT="18" CONTENT="to" WC="0.82" CC="03"/>
						<SP ID="P5_SP00721" HPOS="1282" VPOS="3716" WIDTH="15"/>
						<String ID="P5_ST00901" HPOS="1297" VPOS="3695" WIDTH="65" HEIGHT="28" CONTENT="bring" WC="0.99" CC="00004"/>
						<SP ID="P5_SP00722" HPOS="1362" VPOS="3723" WIDTH="17"/>
						<String ID="P5_ST00902" HPOS="1379" VPOS="3695" WIDTH="62" HEIGHT="23" CONTENT="these" WC="1.00" CC="01000"/>
						<SP ID="P5_SP00723" HPOS="1441" VPOS="3723" WIDTH="16"/>
						<String ID="P5_ST00903" HPOS="1457" VPOS="3696" WIDTH="127" HEIGHT="23" CONTENT="characters" WC="1.00" CC="0080000000"/>
						<SP ID="P5_SP00724" HPOS="1584" VPOS="3723" WIDTH="17"/>
						<String ID="P5_ST00904" HPOS="1601" VPOS="3697" WIDTH="44" HEIGHT="22" CONTENT="and" WC="0.99" CC="020"/>
					</TextLine>
					<TextLine ID="P5_TL00181" HPOS="1175" VPOS="3731" WIDTH="471" HEIGHT="30">
						<String ID="P5_ST00905" HPOS="1175" VPOS="3731" WIDTH="56" HEIGHT="23" CONTENT="lines" WC="1.00" CC="02000"/>
						<SP ID="P5_SP00725" HPOS="1231" VPOS="3754" WIDTH="11"/>
						<String ID="P5_ST00906" HPOS="1242" VPOS="3735" WIDTH="23" HEIGHT="19" CONTENT="to" WC="0.88" CC="20"/>
						<SP ID="P5_SP00726" HPOS="1265" VPOS="3754" WIDTH="10"/>
						<String ID="P5_ST00907" HPOS="1275" VPOS="3731" WIDTH="39" HEIGHT="23" CONTENT="life" WC="0.99" CC="0400"/>
						<SP ID="P5_SP00727" HPOS="1314" VPOS="3754" WIDTH="12"/>
						<String ID="P5_ST00908" HPOS="1326" VPOS="3732" WIDTH="21" HEIGHT="22" CONTENT="in" WC="1.00" CC="00"/>
						<SP ID="P5_SP00728" HPOS="1347" VPOS="3754" WIDTH="11"/>
						<String ID="P5_ST00909" HPOS="1358" VPOS="3739" WIDTH="12" HEIGHT="15" CONTENT="a" WC="1.00" CC="0"/>
						<SP ID="P5_SP00729" HPOS="1370" VPOS="3754" WIDTH="10"/>
						<String ID="P5_ST00910" HPOS="1380" VPOS="3739" WIDTH="54" HEIGHT="22" CONTENT="very" WC="1.00" CC="0000"/>
						<SP ID="P5_SP00730" HPOS="1434" VPOS="3761" WIDTH="12"/>
						<String ID="P5_ST00911" HPOS="1446" VPOS="3733" WIDTH="61" HEIGHT="22" CONTENT="short" WC="0.99" CC="20200"/>
						<SP ID="P5_SP00731" HPOS="1507" VPOS="3761" WIDTH="10"/>
						<String ID="P5_ST00912" HPOS="1517" VPOS="3738" WIDTH="93" HEIGHT="18" CONTENT="amount" WC="0.99" CC="090000"/>
						<SP ID="P5_SP00732" HPOS="1610" VPOS="3761" WIDTH="10"/>
						<String ID="P5_ST00913" HPOS="1620" VPOS="3734" WIDTH="26" HEIGHT="22" CONTENT="of" WC="0.68" CC="60"/>
					</TextLine>
					<TextLine ID="P5_TL00182" HPOS="1174" VPOS="3769" WIDTH="471" HEIGHT="29">
						<String ID="P5_ST00914" HPOS="1174" VPOS="3769" WIDTH="53" HEIGHT="22" CONTENT="time" WC="0.98" CC="0090"/>
						<SP ID="P5_SP00733" HPOS="1227" VPOS="3791" WIDTH="12"/>
						<String ID="P5_ST00915" HPOS="1239" VPOS="3769" WIDTH="53" HEIGHT="22" CONTENT="with" WC="1.00" CC="0000"/>
						<SP ID="P5_SP00734" HPOS="1292" VPOS="3791" WIDTH="11"/>
						<String ID="P5_ST00916" HPOS="1303" VPOS="3776" WIDTH="54" HEIGHT="22" CONTENT="very" WC="1.00" CC="0000"/>
						<SP ID="P5_SP00735" HPOS="1357" VPOS="3798" WIDTH="12"/>
						<String ID="P5_ST00917" HPOS="1369" VPOS="3769" WIDTH="55" HEIGHT="23" CONTENT="little" WC="1.00" CC="020030"/>
						<SP ID="P5_SP00736" HPOS="1424" VPOS="3798" WIDTH="10"/>
						<String ID="P5_ST00918" HPOS="1434" VPOS="3777" WIDTH="26" HEIGHT="15" CONTENT="or" WC="1.00" CC="00"/>
						<SP ID="P5_SP00737" HPOS="1460" VPOS="3798" WIDTH="9"/>
						<String ID="P5_ST00919" HPOS="1469" VPOS="3777" WIDTH="31" HEIGHT="15" CONTENT="no" WC="1.00" CC="00"/>
						<SP ID="P5_SP00738" HPOS="1500" VPOS="3798" WIDTH="10"/>
						<String ID="P5_ST00920" HPOS="1510" VPOS="3771" WIDTH="135" HEIGHT="25" CONTENT='rehearsal,"' WC="1.00" CC="00000000400"/>
					</TextLine>
					<TextLine ID="P5_TL00183" HPOS="1173" VPOS="3807" WIDTH="174" HEIGHT="22">
						<String ID="P5_ST00921" HPOS="1173" VPOS="3807" WIDTH="110" HEIGHT="22" CONTENT="Gendusa" WC="0.82" CC="0530300"/>
						<SP ID="P5_SP00739" HPOS="1283" VPOS="3829" WIDTH="9"/>
						<String ID="P5_ST00922" HPOS="1292" VPOS="3807" WIDTH="55" HEIGHT="22" CONTENT="said." WC="0.98" CC="90400"/>
					</TextLine>
					<TextLine ID="P5_TL00184" HPOS="1215" VPOS="3845" WIDTH="428" HEIGHT="30">
						<String ID="P5_ST00923" HPOS="1215" VPOS="3845" WIDTH="48" HEIGHT="23" CONTENT="The" WC="1.00" CC="000"/>
						<SP ID="P5_SP00740" HPOS="1263" VPOS="3868" WIDTH="16"/>
						<String ID="P5_ST00924" HPOS="1279" VPOS="3845" WIDTH="65" HEIGHT="29" CONTENT="plays" WC="1.00" CC="00002"/>
						<SP ID="P5_SP00741" HPOS="1344" VPOS="3874" WIDTH="16"/>
						<String ID="P5_ST00925" HPOS="1360" VPOS="3851" WIDTH="59" HEIGHT="17" CONTENT="were" WC="1.00" CC="0000"/>
						<SP ID="P5_SP00742" HPOS="1419" VPOS="3874" WIDTH="16"/>
						<String ID="P5_ST00926" HPOS="1435" VPOS="3846" WIDTH="79" HEIGHT="28" CONTENT="staged" WC="1.00" CC="000000"/>
						<SP ID="P5_SP00743" HPOS="1514" VPOS="3874" WIDTH="16"/>
						<String ID="P5_ST00927" HPOS="1530" VPOS="3846" WIDTH="113" HEIGHT="29" CONTENT="readings," WC="1.00" CC="000050000"/>
					</TextLine>
					<TextLine ID="P5_TL00185" HPOS="1174" VPOS="3883" WIDTH="469" HEIGHT="29">
						<String ID="P5_ST00928" HPOS="1174" VPOS="3883" WIDTH="107" HEIGHT="29" CONTENT="meaning" WC="1.00" CC="0000210"/>
						<SP ID="P5_SP00744" HPOS="1281" VPOS="3912" WIDTH="6"/>
						<String ID="P5_ST00929" HPOS="1287" VPOS="3884" WIDTH="45" HEIGHT="22" CONTENT="that" WC="1.00" CC="0000"/>
						<SP ID="P5_SP00745" HPOS="1332" VPOS="3912" WIDTH="6"/>
						<String ID="P5_ST00930" HPOS="1338" VPOS="3884" WIDTH="37" HEIGHT="22" CONTENT="the" WC="1.00" CC="000"/>
						<SP ID="P5_SP00746" HPOS="1375" VPOS="3912" WIDTH="6"/>
						<String ID="P5_ST00931" HPOS="1381" VPOS="3887" WIDTH="74" HEIGHT="19" CONTENT="actors" WC="0.98" CC="210509"/>
						<SP ID="P5_SP00747" HPOS="1455" VPOS="3912" WIDTH="6"/>
						<String ID="P5_ST00932" HPOS="1461" VPOS="3884" WIDTH="52" HEIGHT="22" CONTENT="read" WC="1.00" CC="0000"/>
						<SP ID="P5_SP00748" HPOS="1513" VPOS="3912" WIDTH="7"/>
						<String ID="P5_ST00933" HPOS="1520" VPOS="3884" WIDTH="36" HEIGHT="22" CONTENT="the" WC="0.98" CC="410"/>
						<SP ID="P5_SP00749" HPOS="1556" VPOS="3912" WIDTH="6"/>
						<String ID="P5_ST00934" HPOS="1562" VPOS="3884" WIDTH="81" HEIGHT="28" CONTENT="scripts" WC="1.00" CC="0001000"/>
					</TextLine>
					<TextLine ID="P5_TL00186" HPOS="1175" VPOS="3921" WIDTH="469" HEIGHT="30">
						<String ID="P5_ST00935" HPOS="1175" VPOS="3921" WIDTH="67" HEIGHT="23" CONTENT="while" WC="0.99" CC="90000"/>
						<SP ID="P5_SP00750" HPOS="1242" VPOS="3944" WIDTH="9"/>
						<String ID="P5_ST00936" HPOS="1251" VPOS="3921" WIDTH="146" HEIGHT="30" CONTENT="performing." WC="1.00" CC="06041000100"/>
						<SP ID="P5_SP00751" HPOS="1397" VPOS="3951" WIDTH="11"/>
						<String ID="P5_ST00937" HPOS="1408" VPOS="3921" WIDTH="73" HEIGHT="29" CONTENT="Dylan" WC="0.99" CC="00230"/>
						<SP ID="P5_SP00752" HPOS="1481" VPOS="3951" WIDTH="10"/>
						<String ID="P5_ST00938" HPOS="1491" VPOS="3921" WIDTH="82" HEIGHT="25" CONTENT="Miller," WC="1.00" CC="0000010"/>
						<SP ID="P5_SP00753" HPOS="1573" VPOS="3951" WIDTH="9"/>
						<String ID="P5_ST00939" HPOS="1582" VPOS="3925" WIDTH="62" HEIGHT="19" CONTENT="actor" WC="1.00" CC="03000"/>
					</TextLine>
					<TextLine ID="P5_TL00187" HPOS="1174" VPOS="3959" WIDTH="469" HEIGHT="25">
						<String ID="P5_ST00940" HPOS="1174" VPOS="3959" WIDTH="44" HEIGHT="23" CONTENT="and" WC="0.97" CC="060"/>
						<SP ID="P5_SP00754" HPOS="1218" VPOS="3982" WIDTH="7"/>
						<String ID="P5_ST00941" HPOS="1225" VPOS="3959" WIDTH="83" HEIGHT="23" CONTENT="theatre" WC="0.99" CC="4500000"/>
						<SP ID="P5_SP00755" HPOS="1308" VPOS="3982" WIDTH="8"/>
						<String ID="P5_ST00942" HPOS="1316" VPOS="3963" WIDTH="43" HEIGHT="19" CONTENT="arts" WC="1.00" CC="0000"/>
						<SP ID="P5_SP00756" HPOS="1359" VPOS="3982" WIDTH="9"/>
						<String ID="P5_ST00943" HPOS="1368" VPOS="3959" WIDTH="123" HEIGHT="25" CONTENT="freshman," WC="0.99" CC="500909330"/>
						<SP ID="P5_SP00757" HPOS="1491" VPOS="3984" WIDTH="7"/>
						<String ID="P5_ST00944" HPOS="1498" VPOS="3959" WIDTH="48" HEIGHT="23" CONTENT="said" WC="1.00" CC="0000"/>
						<SP ID="P5_SP00758" HPOS="1546" VPOS="3984" WIDTH="8"/>
						<String ID="P5_ST00945" HPOS="1554" VPOS="3959" WIDTH="45" HEIGHT="23" CONTENT="that" WC="0.99" CC="0004"/>
						<SP ID="P5_SP00759" HPOS="1599" VPOS="3984" WIDTH="8"/>
						<String ID="P5_ST00946" HPOS="1607" VPOS="3959" WIDTH="36" HEIGHT="23" CONTENT="the" WC="0.98" CC="050"/>
					</TextLine>
					<TextLine ID="P5_TL00188" HPOS="1175" VPOS="3997" WIDTH="468" HEIGHT="30">
						<String ID="P5_ST00947" HPOS="1175" VPOS="4001" WIDTH="73" HEIGHT="19" CONTENT="actors" WC="0.99" CC="305003"/>
						<SP ID="P5_SP00760" HPOS="1248" VPOS="4020" WIDTH="8"/>
						<String ID="P5_ST00948" HPOS="1256" VPOS="4004" WIDTH="58" HEIGHT="16" CONTENT="were" WC="1.00" CC="0000"/>
						<SP ID="P5_SP00761" HPOS="1314" VPOS="4020" WIDTH="10"/>
						<String ID="P5_ST00949" HPOS="1324" VPOS="4001" WIDTH="37" HEIGHT="19" CONTENT="not" WC="0.94" CC="591"/>
						<SP ID="P5_SP00762" HPOS="1361" VPOS="4020" WIDTH="9"/>
						<String ID="P5_ST00950" HPOS="1370" VPOS="3998" WIDTH="65" HEIGHT="29" CONTENT="using" WC="0.99" CC="40000"/>
						<SP ID="P5_SP00763" HPOS="1435" VPOS="4027" WIDTH="8"/>
						<String ID="P5_ST00951" HPOS="1443" VPOS="4001" WIDTH="124" HEIGHT="21" CONTENT="costumes," WC="1.00" CC="001200200"/>
						<SP ID="P5_SP00764" HPOS="1567" VPOS="4027" WIDTH="9"/>
						<String ID="P5_ST00952" HPOS="1576" VPOS="3997" WIDTH="67" HEIGHT="23" CONTENT="while" WC="0.99" CC="40002"/>
					</TextLine>
					<TextLine ID="P5_TL00189" HPOS="1174" VPOS="4035" WIDTH="469" HEIGHT="30">
						<String ID="P5_ST00953" HPOS="1174" VPOS="4036" WIDTH="94" HEIGHT="22" CONTENT="another" WC="1.00" CC="0050000"/>
						<SP ID="P5_SP00765" HPOS="1268" VPOS="4058" WIDTH="17"/>
						<String ID="P5_ST00954" HPOS="1285" VPOS="4039" WIDTH="62" HEIGHT="19" CONTENT="actor" WC="0.98" CC="53050"/>
						<SP ID="P5_SP00766" HPOS="1347" VPOS="4058" WIDTH="17"/>
						<String ID="P5_ST00955" HPOS="1364" VPOS="4036" WIDTH="51" HEIGHT="22" CONTENT="read" WC="1.00" CC="0000"/>
						<SP ID="P5_SP00767" HPOS="1415" VPOS="4058" WIDTH="18"/>
						<String ID="P5_ST00956" HPOS="1433" VPOS="4039" WIDTH="63" HEIGHT="26" CONTENT="stage" WC="0.99" CC="00140"/>
						<SP ID="P5_SP00768" HPOS="1496" VPOS="4065" WIDTH="17"/>
						<String ID="P5_ST00957" HPOS="1513" VPOS="4035" WIDTH="130" HEIGHT="25" CONTENT="directions," WC="1.00" CC="00000005000"/>
					</TextLine>
					<TextLine ID="P5_TL00190" HPOS="1174" VPOS="4073" WIDTH="469" HEIGHT="30">
						<String ID="P5_ST00958" HPOS="1174" VPOS="4073" WIDTH="61" HEIGHT="23" CONTENT="there" WC="1.00" CC="00000"/>
						<SP ID="P5_SP00769" HPOS="1235" VPOS="4096" WIDTH="19"/>
						<String ID="P5_ST00959" HPOS="1254" VPOS="4080" WIDTH="48" HEIGHT="16" CONTENT="was" WC="1.00" CC="000"/>
						<SP ID="P5_SP00770" HPOS="1302" VPOS="4096" WIDTH="19"/>
						<String ID="P5_ST00960" HPOS="1321" VPOS="4081" WIDTH="30" HEIGHT="15" CONTENT="no" WC="0.98" CC="00"/>
						<SP ID="P5_SP00771" HPOS="1351" VPOS="4096" WIDTH="18"/>
						<String ID="P5_ST00961" HPOS="1369" VPOS="4078" WIDTH="41" HEIGHT="21" CONTENT="set," WC="1.00" CC="0000"/>
						<SP ID="P5_SP00772" HPOS="1410" VPOS="4099" WIDTH="20"/>
						<String ID="P5_ST00962" HPOS="1430" VPOS="4074" WIDTH="43" HEIGHT="22" CONTENT="and" WC="0.99" CC="030"/>
						<SP ID="P5_SP00773" HPOS="1473" VPOS="4099" WIDTH="18"/>
						<String ID="P5_ST00963" HPOS="1491" VPOS="4073" WIDTH="38" HEIGHT="23" CONTENT="the" WC="0.99" CC="300"/>
						<SP ID="P5_SP00774" HPOS="1529" VPOS="4099" WIDTH="19"/>
						<String ID="P5_ST00964" HPOS="1548" VPOS="4073" WIDTH="95" HEIGHT="30" CONTENT="lighting" WC="1.00" CC="00700100"/>
					</TextLine>
					<TextLine ID="P5_TL00191" HPOS="1175" VPOS="4111" WIDTH="469" HEIGHT="29">
						<String ID="P5_ST00965" HPOS="1175" VPOS="4118" WIDTH="46" HEIGHT="15" CONTENT="was" WC="1.00" CC="000"/>
						<SP ID="P5_SP00775" HPOS="1221" VPOS="4133" WIDTH="10"/>
						<String ID="P5_ST00966" HPOS="1231" VPOS="4111" WIDTH="88" HEIGHT="29" CONTENT="simple." WC="1.00" CC="0300100"/>
						<SP ID="P5_SP00776" HPOS="1319" VPOS="4140" WIDTH="20"/>
						<String ID="P5_ST00967" HPOS="1339" VPOS="4111" WIDTH="147" HEIGHT="29" CONTENT="Playwrights" WC="1.00" CC="00000220002"/>
						<SP ID="P5_SP00777" HPOS="1486" VPOS="4140" WIDTH="10"/>
						<String ID="P5_ST00968" HPOS="1496" VPOS="4116" WIDTH="70" HEIGHT="18" CONTENT="wrote" WC="1.00" CC="00001"/>
						<SP ID="P5_SP00778" HPOS="1566" VPOS="4140" WIDTH="10"/>
						<String ID="P5_ST00969" HPOS="1576" VPOS="4112" WIDTH="68" HEIGHT="22" CONTENT="about" WC="0.99" CC="00600"/>
					</TextLine>
				</TextBlock>
				<TextBlock ID="P5_TB00018" HPOS="1685" VPOS="3584" WIDTH="473" HEIGHT="481" STYLEREFS="TXT_0 PAR_LEFT">
					<TextLine ID="P5_TL00192" HPOS="1690" VPOS="3584" WIDTH="468" HEIGHT="29">
						<String ID="P5_ST00970" HPOS="1690" VPOS="3584" WIDTH="100" HEIGHT="29" CONTENT="subjects" WC="0.99" CC="10140321"/>
						<SP ID="P5_SP00779" HPOS="1790" VPOS="3613" WIDTH="8"/>
						<String ID="P5_ST00971" HPOS="1798" VPOS="3585" WIDTH="55" HEIGHT="22" CONTENT="such" WC="1.00" CC="0000"/>
						<SP ID="P5_SP00780" HPOS="1853" VPOS="3613" WIDTH="8"/>
						<String ID="P5_ST00972" HPOS="1861" VPOS="3592" WIDTH="25" HEIGHT="14" CONTENT="as" WC="1.00" CC="00"/>
						<SP ID="P5_SP00781" HPOS="1886" VPOS="3613" WIDTH="8"/>
						<String ID="P5_ST00973" HPOS="1894" VPOS="3584" WIDTH="166" HEIGHT="29" CONTENT="relationships," WC="1.00" CC="00502350002000"/>
						<SP ID="P5_SP00782" HPOS="2060" VPOS="3613" WIDTH="8"/>
						<String ID="P5_ST00974" HPOS="2068" VPOS="3584" WIDTH="90" HEIGHT="29" CONTENT="dealing" WC="0.99" CC="6100005"/>
					</TextLine>
					<TextLine ID="P5_TL00193" HPOS="1690" VPOS="3622" WIDTH="468" HEIGHT="28">
						<String ID="P5_ST00975" HPOS="1690" VPOS="3622" WIDTH="53" HEIGHT="22" CONTENT="with" WC="0.97" CC="1019"/>
						<SP ID="P5_SP00783" HPOS="1743" VPOS="3644" WIDTH="11"/>
						<String ID="P5_ST00976" HPOS="1754" VPOS="3622" WIDTH="75" HEIGHT="24" CONTENT="death," WC="1.00" CC="100000"/>
						<SP ID="P5_SP00784" HPOS="1829" VPOS="3646" WIDTH="10"/>
						<String ID="P5_ST00977" HPOS="1839" VPOS="3626" WIDTH="128" HEIGHT="18" CONTENT="comments" WC="0.99" CC="07653000"/>
						<SP ID="P5_SP00785" HPOS="1967" VPOS="3646" WIDTH="10"/>
						<String ID="P5_ST00978" HPOS="1977" VPOS="3629" WIDTH="30" HEIGHT="15" CONTENT="on" WC="0.45" CC="91"/>
						<SP ID="P5_SP00786" HPOS="2007" VPOS="3646" WIDTH="11"/>
						<String ID="P5_ST00979" HPOS="2018" VPOS="3622" WIDTH="86" HEIGHT="28" CONTENT="society" WC="1.00" CC="0000060"/>
						<SP ID="P5_SP00787" HPOS="2104" VPOS="3650" WIDTH="11"/>
						<String ID="P5_ST00980" HPOS="2115" VPOS="3622" WIDTH="43" HEIGHT="22" CONTENT="and" WC="0.97" CC="053"/>
					</TextLine>
					<TextLine ID="P5_TL00194" HPOS="1689" VPOS="3660" WIDTH="266" HEIGHT="23">
						<String ID="P5_ST00981" HPOS="1689" VPOS="3664" WIDTH="129" HEIGHT="19" CONTENT="comments" WC="1.00" CC="05001000"/>
						<SP ID="P5_SP00788" HPOS="1818" VPOS="3683" WIDTH="9"/>
						<String ID="P5_ST00982" HPOS="1827" VPOS="3666" WIDTH="29" HEIGHT="17" CONTENT="on" WC="0.82" CC="12"/>
						<SP ID="P5_SP00789" HPOS="1856" VPOS="3683" WIDTH="11"/>
						<String ID="P5_ST00983" HPOS="1867" VPOS="3660" WIDTH="88" HEIGHT="22" CONTENT="theater." WC="1.00" CC="00000000"/>
					</TextLine>
					<TextLine ID="P5_TL00195" HPOS="1730" VPOS="3697" WIDTH="428" HEIGHT="29">
						<String ID="P5_ST00984" HPOS="1730" VPOS="3698" WIDTH="48" HEIGHT="22" CONTENT="The" WC="0.98" CC="400"/>
						<SP ID="P5_SP00790" HPOS="1778" VPOS="3720" WIDTH="14"/>
						<String ID="P5_ST00985" HPOS="1792" VPOS="3698" WIDTH="111" HEIGHT="22" CONTENT="inclusion" WC="1.00" CC="300700010"/>
						<SP ID="P5_SP00791" HPOS="1903" VPOS="3720" WIDTH="13"/>
						<String ID="P5_ST00986" HPOS="1916" VPOS="3697" WIDTH="27" HEIGHT="22" CONTENT="of" WC="1.00" CC="00"/>
						<SP ID="P5_SP00792" HPOS="1943" VPOS="3720" WIDTH="9"/>
						<String ID="P5_ST00987" HPOS="1952" VPOS="3697" WIDTH="37" HEIGHT="22" CONTENT="the" WC="1.00" CC="000"/>
						<SP ID="P5_SP00793" HPOS="1989" VPOS="3720" WIDTH="13"/>
						<String ID="P5_ST00988" HPOS="2002" VPOS="3697" WIDTH="156" HEIGHT="29" CONTENT="performance" WC="0.99" CC="10045000463"/>
					</TextLine>
					<TextLine ID="P5_TL00196" HPOS="1688" VPOS="3734" WIDTH="470" HEIGHT="30">
						<String ID="P5_ST00989" HPOS="1688" VPOS="3734" WIDTH="27" HEIGHT="23" CONTENT="of" WC="0.85" CC="02"/>
						<SP ID="P5_SP00794" HPOS="1715" VPOS="3757" WIDTH="22"/>
						<String ID="P5_ST00990" HPOS="1737" VPOS="3735" WIDTH="62" HEIGHT="22" CONTENT="these" WC="0.99" CC="10030"/>
						<SP ID="P5_SP00795" HPOS="1799" VPOS="3757" WIDTH="28"/>
						<String ID="P5_ST00991" HPOS="1827" VPOS="3735" WIDTH="123" HEIGHT="22" CONTENT="10-minute" WC="0.77" CC="401724000"/>
						<SP ID="P5_SP00796" HPOS="1950" VPOS="3757" WIDTH="24"/>
						<String ID="P5_ST00992" HPOS="1974" VPOS="3735" WIDTH="65" HEIGHT="29" CONTENT="plays" WC="0.97" CC="00099"/>
						<SP ID="P5_SP00797" HPOS="2039" VPOS="3764" WIDTH="24"/>
						<String ID="P5_ST00993" HPOS="2063" VPOS="3735" WIDTH="95" HEIGHT="29" CONTENT="brought" WC="0.99" CC="3000501"/>
					</TextLine>
					<TextLine ID="P5_TL00197" HPOS="1688" VPOS="3772" WIDTH="470" HEIGHT="30">
						<String ID="P5_ST00994" HPOS="1688" VPOS="3773" WIDTH="87" HEIGHT="21" CONTENT="several" WC="1.00" CC="0000000"/>
						<SP ID="P5_SP00798" HPOS="1775" VPOS="3794" WIDTH="9"/>
						<String ID="P5_ST00995" HPOS="1784" VPOS="3773" WIDTH="112" HEIGHT="22" CONTENT="reactions" WC="0.99" CC="000000059"/>
						<SP ID="P5_SP00799" HPOS="1896" VPOS="3795" WIDTH="8"/>
						<String ID="P5_ST00996" HPOS="1904" VPOS="3772" WIDTH="58" HEIGHT="22" CONTENT="from" WC="0.98" CC="0440"/>
						<SP ID="P5_SP00800" HPOS="1962" VPOS="3795" WIDTH="8"/>
						<String ID="P5_ST00997" HPOS="1970" VPOS="3772" WIDTH="37" HEIGHT="22" CONTENT="the" WC="1.00" CC="000"/>
						<SP ID="P5_SP00801" HPOS="2007" VPOS="3795" WIDTH="7"/>
						<String ID="P5_ST00998" HPOS="2014" VPOS="3772" WIDTH="144" HEIGHT="30" CONTENT="playwriting" WC="0.86" CC="70005000100"/>
					</TextLine>
					<TextLine ID="P5_TL00198" HPOS="1688" VPOS="3810" WIDTH="108" HEIGHT="22">
						<String ID="P5_ST00999" HPOS="1688" VPOS="3810" WIDTH="108" HEIGHT="22" CONTENT="students." WC="0.99" CC="200010490"/>
					</TextLine>
					<TextLine ID="P5_TL00199" HPOS="1731" VPOS="3848" WIDTH="427" HEIGHT="29">
						<String ID="P5_ST01000" HPOS="1731" VPOS="3848" WIDTH="70" HEIGHT="28" CONTENT="Kerry" WC="0.98" CC="52009"/>
						<SP ID="P5_SP00802" HPOS="1801" VPOS="3876" WIDTH="28"/>
						<String ID="P5_ST01001" HPOS="1829" VPOS="3848" WIDTH="90" HEIGHT="24" CONTENT="Cullen," WC="1.00" CC="0000000"/>
						<SP ID="P5_SP00803" HPOS="1919" VPOS="3876" WIDTH="28"/>
						<String ID="P5_ST01002" HPOS="1947" VPOS="3848" WIDTH="94" HEIGHT="28" CONTENT="English" WC="0.99" CC="5073005"/>
						<SP ID="P5_SP00804" HPOS="2041" VPOS="3876" WIDTH="28"/>
						<String ID="P5_ST01003" HPOS="2069" VPOS="3849" WIDTH="89" HEIGHT="28" CONTENT="writing" WC="0.99" CC="4000102"/>
					</TextLine>
					<TextLine ID="P5_TL00200" HPOS="1685" VPOS="3885" WIDTH="473" HEIGHT="30">
						<String ID="P5_ST01004" HPOS="1685" VPOS="3885" WIDTH="82" HEIGHT="28" CONTENT="junior," WC="1.00" CC="0000005"/>
						<SP ID="P5_SP00805" HPOS="1767" VPOS="3913" WIDTH="15"/>
						<String ID="P5_ST01005" HPOS="1782" VPOS="3885" WIDTH="49" HEIGHT="22" CONTENT="said" WC="1.00" CC="0000"/>
						<SP ID="P5_SP00806" HPOS="1831" VPOS="3913" WIDTH="14"/>
						<String ID="P5_ST01006" HPOS="1845" VPOS="3886" WIDTH="46" HEIGHT="21" CONTENT="that" WC="1.00" CC="0000"/>
						<SP ID="P5_SP00807" HPOS="1891" VPOS="3913" WIDTH="15"/>
						<String ID="P5_ST01007" HPOS="1906" VPOS="3885" WIDTH="90" HEIGHT="23" CONTENT="famous" WC="1.00" CC="400000"/>
						<SP ID="P5_SP00808" HPOS="1996" VPOS="3913" WIDTH="15"/>
						<String ID="P5_ST01008" HPOS="2011" VPOS="3886" WIDTH="147" HEIGHT="29" CONTENT="playwrights" WC="0.99" CC="04000447030"/>
					</TextLine>
					<TextLine ID="P5_TL00201" HPOS="1687" VPOS="3922" WIDTH="471" HEIGHT="31">
						<String ID="P5_ST01009" HPOS="1687" VPOS="3922" WIDTH="30" HEIGHT="22" CONTENT="do" WC="0.83" CC="30"/>
						<SP ID="P5_SP00809" HPOS="1717" VPOS="3944" WIDTH="8"/>
						<String ID="P5_ST01010" HPOS="1725" VPOS="3926" WIDTH="37" HEIGHT="18" CONTENT="not" WC="0.98" CC="130"/>
						<SP ID="P5_SP00810" HPOS="1762" VPOS="3944" WIDTH="8"/>
						<String ID="P5_ST01011" HPOS="1770" VPOS="3927" WIDTH="37" HEIGHT="24" CONTENT="get" WC="0.99" CC="020"/>
						<SP ID="P5_SP00811" HPOS="1807" VPOS="3951" WIDTH="8"/>
						<String ID="P5_ST01012" HPOS="1815" VPOS="3927" WIDTH="23" HEIGHT="18" CONTENT="to" WC="0.94" CC="01"/>
						<SP ID="P5_SP00812" HPOS="1838" VPOS="3951" WIDTH="8"/>
						<String ID="P5_ST01013" HPOS="1846" VPOS="3930" WIDTH="38" HEIGHT="15" CONTENT="see" WC="0.95" CC="930"/>
						<SP ID="P5_SP00813" HPOS="1884" VPOS="3951" WIDTH="8"/>
						<String ID="P5_ST01014" HPOS="1892" VPOS="3923" WIDTH="56" HEIGHT="22" CONTENT="their" WC="1.00" CC="00000"/>
						<SP ID="P5_SP00814" HPOS="1948" VPOS="3951" WIDTH="8"/>
						<String ID="P5_ST01015" HPOS="1956" VPOS="3923" WIDTH="64" HEIGHT="29" CONTENT="plays" WC="0.99" CC="00090"/>
						<SP ID="P5_SP00815" HPOS="2020" VPOS="3952" WIDTH="8"/>
						<String ID="P5_ST01016" HPOS="2028" VPOS="3924" WIDTH="130" HEIGHT="29" CONTENT="performed" WC="1.00" CC="000061060"/>
					</TextLine>
					<TextLine ID="P5_TL00202" HPOS="1687" VPOS="3959" WIDTH="471" HEIGHT="33">
						<String ID="P5_ST01017" HPOS="1687" VPOS="3959" WIDTH="69" HEIGHT="23" CONTENT="often." WC="0.99" CC="006000"/>
						<SP ID="P5_SP00816" HPOS="1756" VPOS="3982" WIDTH="25"/>
						<String ID="P5_ST01018" HPOS="1781" VPOS="3960" WIDTH="68" HEIGHT="22" CONTENT="Sarah" WC="1.00" CC="10000"/>
						<SP ID="P5_SP00817" HPOS="1849" VPOS="3982" WIDTH="22"/>
						<String ID="P5_ST01019" HPOS="1871" VPOS="3961" WIDTH="67" HEIGHT="25" CONTENT="Wild," WC="0.99" CC="04000"/>
						<SP ID="P5_SP00818" HPOS="1938" VPOS="3986" WIDTH="24"/>
						<String ID="P5_ST01020" HPOS="1962" VPOS="3961" WIDTH="72" HEIGHT="23" CONTENT="music" WC="0.98" CC="04007"/>
						<SP ID="P5_SP00819" HPOS="2034" VPOS="3986" WIDTH="23"/>
						<String ID="P5_ST01021" HPOS="2057" VPOS="3962" WIDTH="101" HEIGHT="30" CONTENT="industry" WC="1.00" CC="01000000"/>
					</TextLine>
					<TextLine ID="P5_TL00203" HPOS="1687" VPOS="3998" WIDTH="471" HEIGHT="25">
						<String ID="P5_ST01022" HPOS="1687" VPOS="3998" WIDTH="105" HEIGHT="22" CONTENT="business" WC="0.99" CC="00900097"/>
						<SP ID="P5_SP00820" HPOS="1792" VPOS="4020" WIDTH="18"/>
						<String ID="P5_ST01023" HPOS="1810" VPOS="3998" WIDTH="61" HEIGHT="23" CONTENT="track" WC="0.99" CC="30204"/>
						<SP ID="P5_SP00821" HPOS="1871" VPOS="4021" WIDTH="18"/>
						<String ID="P5_ST01024" HPOS="1889" VPOS="3999" WIDTH="81" HEIGHT="24" CONTENT="senior," WC="0.99" CC="0000900"/>
						<SP ID="P5_SP00822" HPOS="1970" VPOS="4023" WIDTH="19"/>
						<String ID="P5_ST01025" HPOS="1989" VPOS="3999" WIDTH="48" HEIGHT="23" CONTENT="said" WC="0.98" CC="9000"/>
						<SP ID="P5_SP00823" HPOS="2037" VPOS="4023" WIDTH="18"/>
						<String ID="P5_ST01026" HPOS="2055" VPOS="4000" WIDTH="45" HEIGHT="22" CONTENT="that" WC="1.00" CC="0000"/>
						<SP ID="P5_SP00824" HPOS="2100" VPOS="4023" WIDTH="19"/>
						<String ID="P5_ST01027" HPOS="2119" VPOS="4001" WIDTH="39" HEIGHT="22" CONTENT="she" WC="1.00" CC="000"/>
					</TextLine>
					<TextLine ID="P5_TL00204" HPOS="1687" VPOS="4036" WIDTH="471" HEIGHT="29">
						<String ID="P5_ST01028" HPOS="1687" VPOS="4036" WIDTH="107" HEIGHT="22" CONTENT="assumed" WC="0.97" CC="9660909"/>
						<SP ID="P5_SP00825" HPOS="1794" VPOS="4058" WIDTH="20"/>
						<String ID="P5_ST01029" HPOS="1814" VPOS="4043" WIDTH="43" HEIGHT="22" CONTENT="any" WC="1.00" CC="000"/>
						<SP ID="P5_SP00826" HPOS="1857" VPOS="4065" WIDTH="21"/>
						<String ID="P5_ST01030" HPOS="1878" VPOS="4036" WIDTH="68" HEIGHT="29" CONTENT="script" WC="0.99" CC="900000"/>
						<SP ID="P5_SP00827" HPOS="1946" VPOS="4065" WIDTH="20"/>
						<String ID="P5_ST01031" HPOS="1966" VPOS="4037" WIDTH="27" HEIGHT="22" CONTENT="of" WC="0.89" CC="20"/>
						<SP ID="P5_SP00828" HPOS="1993" VPOS="4065" WIDTH="18"/>
						<String ID="P5_ST01032" HPOS="2011" VPOS="4037" WIDTH="50" HEIGHT="23" CONTENT="hers" WC="0.98" CC="6100"/>
						<SP ID="P5_SP00829" HPOS="2061" VPOS="4065" WIDTH="21"/>
						<String ID="P5_ST01033" HPOS="2082" VPOS="4038" WIDTH="76" HEIGHT="22" CONTENT="would" WC="0.98" CC="06220"/>
					</TextLine>
				</TextBlock>
				<TextBlock ID="P5_TB00019" HPOS="1173" VPOS="3405" WIDTH="989" HEIGHT="152" STYLEREFS="TXT_0 PAR_BLOCK">
					<TextLine ID="P5_TL00205" HPOS="1825" VPOS="3406" WIDTH="335" HEIGHT="22">
						<String ID="P5_ST01034" HPOS="1825" VPOS="3407" WIDTH="54" HEIGHT="19" CONTENT="ELLE" WC="0.66" CC="3450"/>
						<SP ID="P5_SP00830" HPOS="1879" VPOS="3426" WIDTH="9"/>
						<String ID="P5_ST01035" HPOS="1888" VPOS="3407" WIDTH="110" HEIGHT="19" CONTENT="MALONEY" WC="0.68" CC="4230362"/>
						<SP ID="P5_SP00831" HPOS="1998" VPOS="3426" WIDTH="10"/>
						<String ID="P5_ST01036" HPOS="2008" VPOS="3406" WIDTH="8" HEIGHT="22" CONTENT="/" WC="0.38" CC="6"/>
						<SP ID="P5_SP00832" HPOS="2016" VPOS="3428" WIDTH="9"/>
						<String ID="P5_ST01037" HPOS="2025" VPOS="3407" WIDTH="63" HEIGHT="19" CONTENT="Photo" WC="0.99" CC="07020"/>
						<SP ID="P5_SP00833" HPOS="2088" VPOS="3428" WIDTH="8"/>
						<String ID="P5_ST01038" HPOS="2096" VPOS="3407" WIDTH="64" HEIGHT="19" CONTENT="editor" WC="0.98" CC="260430"/>
					</TextLine>
					<TextLine ID="P5_TL00206" HPOS="1177" VPOS="3440" WIDTH="913" HEIGHT="33">
						<String ID="P5_ST01039" HPOS="1177" VPOS="3440" WIDTH="182" HEIGHT="33" CONTENT="Psychology" WC="1.00" CC="5000000052"/>
						<SP ID="P5_SP00834" HPOS="1359" VPOS="3473" WIDTH="12"/>
						<String ID="P5_ST01040" HPOS="1371" VPOS="3441" WIDTH="115" HEIGHT="27" CONTENT="seniors" WC="1.00" CC="0000310"/>
						<SP ID="P5_SP00835" HPOS="1486" VPOS="3473" WIDTH="13"/>
						<String ID="P5_ST01041" HPOS="1499" VPOS="3441" WIDTH="81" HEIGHT="32" CONTENT="Andy" WC="0.99" CC="0500"/>
						<SP ID="P5_SP00836" HPOS="1580" VPOS="3473" WIDTH="13"/>
						<String ID="P5_ST01042" HPOS="1593" VPOS="3441" WIDTH="148" HEIGHT="30" CONTENT="Niemann," WC="1.00" CC="00004300"/>
						<SP ID="P5_SP00837" HPOS="1741" VPOS="3473" WIDTH="13"/>
						<String ID="P5_ST01043" HPOS="1754" VPOS="3440" WIDTH="60" HEIGHT="31" CONTENT="left," WC="1.00" CC="03000"/>
						<SP ID="P5_SP00838" HPOS="1814" VPOS="3473" WIDTH="14"/>
						<String ID="P5_ST01044" HPOS="1828" VPOS="3441" WIDTH="55" HEIGHT="27" CONTENT="and" WC="1.00" CC="100"/>
						<SP ID="P5_SP00839" HPOS="1883" VPOS="3473" WIDTH="14"/>
						<String ID="P5_ST01045" HPOS="1897" VPOS="3441" WIDTH="89" HEIGHT="27" CONTENT="Lewis" WC="0.98" CC="24008"/>
						<SP ID="P5_SP00840" HPOS="1986" VPOS="3473" WIDTH="13"/>
						<String ID="P5_ST01046" HPOS="1999" VPOS="3441" WIDTH="91" HEIGHT="27" CONTENT="Baker" WC="0.99" CC="03400"/>
					</TextLine>
					<TextLine ID="P5_TL00207" HPOS="1176" VPOS="3482" WIDTH="959" HEIGHT="34">
						<String ID="P5_ST01047" HPOS="1176" VPOS="3482" WIDTH="128" HEIGHT="31" CONTENT="perform" WC="1.00" CC="0300100"/>
						<SP ID="P5_SP00841" HPOS="1304" VPOS="3513" WIDTH="13"/>
						<String ID="P5_ST01048" HPOS="1317" VPOS="3482" WIDTH="26" HEIGHT="26" CONTENT="in" WC="0.65" CC="06"/>
						<SP ID="P5_SP00842" HPOS="1343" VPOS="3513" WIDTH="13"/>
						<String ID="P5_ST01049" HPOS="1356" VPOS="3483" WIDTH="171" HEIGHT="32" CONTENT="philosophy" WC="1.00" CC="0000002025"/>
						<SP ID="P5_SP00843" HPOS="1527" VPOS="3515" WIDTH="13"/>
						<String ID="P5_ST01050" HPOS="1540" VPOS="3483" WIDTH="98" HEIGHT="26" CONTENT="senior" WC="1.00" CC="000300"/>
						<SP ID="P5_SP00844" HPOS="1638" VPOS="3515" WIDTH="13"/>
						<String ID="P5_ST01051" HPOS="1651" VPOS="3483" WIDTH="100" HEIGHT="32" CONTENT="Sergio" WC="1.00" CC="000200"/>
						<SP ID="P5_SP00845" HPOS="1751" VPOS="3515" WIDTH="14"/>
						<String ID="P5_ST01052" HPOS="1765" VPOS="3484" WIDTH="205" HEIGHT="25" CONTENT="Lobo-Navia's" WC="0.85" CC="302205004000"/>
						<SP ID="P5_SP00846" HPOS="1970" VPOS="3515" WIDTH="14"/>
						<String ID="P5_ST01053" HPOS="1984" VPOS="3484" WIDTH="63" HEIGHT="32" CONTENT="play" WC="0.99" CC="0300"/>
						<SP ID="P5_SP00847" HPOS="2047" VPOS="3516" WIDTH="14"/>
						<String ID="P5_ST01054" HPOS="2061" VPOS="3484" WIDTH="74" HEIGHT="25" CONTENT='"The' WC="1.00" CC="0000"/>
					</TextLine>
					<TextLine ID="P5_TL00208" HPOS="1175" VPOS="3523" WIDTH="776" HEIGHT="33">
						<String ID="P5_ST01055" HPOS="1175" VPOS="3523" WIDTH="109" HEIGHT="27" CONTENT='Goats"' WC="1.00" CC="001001"/>
						<SP ID="P5_SP00848" HPOS="1284" VPOS="3550" WIDTH="13"/>
						<String ID="P5_ST01056" HPOS="1297" VPOS="3525" WIDTH="186" HEIGHT="31" CONTENT="Wednesday," WC="1.00" CC="0000000000"/>
						<SP ID="P5_SP00849" HPOS="1483" VPOS="3556" WIDTH="14"/>
						<String ID="P5_ST01057" HPOS="1497" VPOS="3525" WIDTH="66" HEIGHT="26" CONTENT="Dec." WC="1.00" CC="0000"/>
						<SP ID="P5_SP00850" HPOS="1563" VPOS="3556" WIDTH="13"/>
						<String ID="P5_ST01058" HPOS="1576" VPOS="3525" WIDTH="19" HEIGHT="25" CONTENT="9" WC="0.81" CC="1"/>
						<SP ID="P5_SP00851" HPOS="1595" VPOS="3556" WIDTH="14"/>
						<String ID="P5_ST01059" HPOS="1609" VPOS="3525" WIDTH="24" HEIGHT="25" CONTENT="in" WC="0.98" CC="00"/>
						<SP ID="P5_SP00852" HPOS="1633" VPOS="3556" WIDTH="15"/>
						<String ID="P5_ST01060" HPOS="1648" VPOS="3525" WIDTH="163" HEIGHT="31" CONTENT="Marguette" WC="0.80" CC="500830000"/>
						<SP ID="P5_SP00853" HPOS="1811" VPOS="3556" WIDTH="13"/>
						<String ID="P5_ST01061" HPOS="1824" VPOS="3526" WIDTH="127" HEIGHT="25" CONTENT="Theater." WC="1.00" CC="00000002"/>
					</TextLine>
				</TextBlock>
				<TextBlock ID="P5_TB00020" HPOS="2213" VPOS="2512" WIDTH="457" HEIGHT="467" STYLEREFS="TXT_0 PAR_LEFT">
					<TextLine ID="P5_TL00209" HPOS="2230" VPOS="2512" WIDTH="417" HEIGHT="89">
						<String ID="P5_ST01062" HPOS="2230" VPOS="2512" WIDTH="417" HEIGHT="89" CONTENT="Alumnus'" WC="1.00" CC="00001003"/>
					</TextLine>
					<TextLine ID="P5_TL00210" HPOS="2225" VPOS="2638" WIDTH="435" HEIGHT="88">
						<String ID="P5_ST01063" HPOS="2225" VPOS="2638" WIDTH="435" HEIGHT="88" CONTENT="Christmas" WC="0.99" CC="162004053"/>
					</TextLine>
					<TextLine ID="P5_TL00211" HPOS="2213" VPOS="2764" WIDTH="457" HEIGHT="118">
						<String ID="P5_ST01064" HPOS="2213" VPOS="2764" WIDTH="221" HEIGHT="88" CONTENT="book" WC="0.99" CC="5000"/>
						<SP ID="P5_SP00854" HPOS="2434" VPOS="2852" WIDTH="23"/>
						<String ID="P5_ST01065" HPOS="2457" VPOS="2770" WIDTH="213" HEIGHT="112" CONTENT="gains" WC="0.99" CC="34000"/>
					</TextLine>
					<TextLine ID="P5_TL00212" HPOS="2295" VPOS="2928" WIDTH="293" HEIGHT="51">
						<String ID="P5_ST01066" HPOS="2295" VPOS="2928" WIDTH="293" HEIGHT="51" CONTENT="success" WC="0.99" CC="0320300"/>
					</TextLine>
				</TextBlock>
				<TextBlock ID="P5_TB00021" HPOS="2248" VPOS="3056" WIDTH="385" HEIGHT="67" STYLEREFS="TXT_0 PAR_LEFT">
					<TextLine ID="P5_TL00213" HPOS="2250" VPOS="3057" WIDTH="382" HEIGHT="32">
						<String ID="P5_ST01067" HPOS="2250" VPOS="3057" WIDTH="42" HEIGHT="32" CONTENT="By" WC="1.00" CC="00"/>
						<SP ID="P5_SP00855" HPOS="2292" VPOS="3089" WIDTH="14"/>
						<String ID="P5_ST01068" HPOS="2306" VPOS="3057" WIDTH="145" HEIGHT="26" CONTENT="ASHLEY" WC="1.00" CC="000100"/>
						<SP ID="P5_SP00856" HPOS="2451" VPOS="3089" WIDTH="15"/>
						<String ID="P5_ST01069" HPOS="2466" VPOS="3057" WIDTH="166" HEIGHT="26" CONTENT="STEVENS" WC="1.00" CC="0000000"/>
					</TextLine>
					<TextLine ID="P5_TL00214" HPOS="2329" VPOS="3096" WIDTH="223" HEIGHT="27">
						<String ID="P5_ST01070" HPOS="2329" VPOS="3096" WIDTH="143" HEIGHT="27" CONTENT="Contributing" WC="0.99" CC="040001602605"/>
						<SP ID="P5_SP00857" HPOS="2472" VPOS="3123" WIDTH="9"/>
						<String ID="P5_ST01071" HPOS="2481" VPOS="3097" WIDTH="71" HEIGHT="20" CONTENT="Writer" WC="1.00" CC="000003"/>
					</TextLine>
				</TextBlock>
				<TextBlock ID="P5_TB00022" HPOS="2202" VPOS="3168" WIDTH="473" HEIGHT="899" STYLEREFS="TXT_0 PAR_BLOCK">
					<TextLine ID="P5_TL00215" HPOS="2246" VPOS="3170" WIDTH="429" HEIGHT="23">
						<String ID="P5_ST01072" HPOS="2246" VPOS="3170" WIDTH="128" HEIGHT="22" CONTENT="Christmas" WC="0.99" CC="100090055"/>
						<SP ID="P5_SP00858" HPOS="2374" VPOS="3192" WIDTH="31"/>
						<String ID="P5_ST01073" HPOS="2405" VPOS="3177" WIDTH="42" HEIGHT="15" CONTENT="can" WC="0.99" CC="300"/>
						<SP ID="P5_SP00859" HPOS="2447" VPOS="3192" WIDTH="32"/>
						<String ID="P5_ST01074" HPOS="2479" VPOS="3170" WIDTH="27" HEIGHT="22" CONTENT="be" WC="0.46" CC="64"/>
						<SP ID="P5_SP00860" HPOS="2506" VPOS="3192" WIDTH="33"/>
						<String ID="P5_ST01075" HPOS="2539" VPOS="3170" WIDTH="83" HEIGHT="22" CONTENT="related" WC="0.99" CC="0000506"/>
						<SP ID="P5_SP00861" HPOS="2622" VPOS="3192" WIDTH="32"/>
						<String ID="P5_ST01076" HPOS="2654" VPOS="3174" WIDTH="21" HEIGHT="19" CONTENT="to" WC="0.65" CC="06"/>
					</TextLine>
					<TextLine ID="P5_TL00216" HPOS="2204" VPOS="3207" WIDTH="471" HEIGHT="23">
						<String ID="P5_ST01077" HPOS="2204" VPOS="3207" WIDTH="96" HEIGHT="22" CONTENT="Charles" WC="0.99" CC="0010008"/>
						<SP ID="P5_SP00862" HPOS="2300" VPOS="3229" WIDTH="22"/>
						<String ID="P5_ST01078" HPOS="2322" VPOS="3207" WIDTH="109" HEIGHT="23" CONTENT="Dickens'" WC="1.00" CC="00030003"/>
						<SP ID="P5_SP00863" HPOS="2431" VPOS="3230" WIDTH="20"/>
						<String ID="P5_ST01079" HPOS="2451" VPOS="3209" WIDTH="34" HEIGHT="21" CONTENT='"A' WC="0.65" CC="60"/>
						<SP ID="P5_SP00864" HPOS="2485" VPOS="3230" WIDTH="19"/>
						<String ID="P5_ST01080" HPOS="2504" VPOS="3208" WIDTH="52" HEIGHT="22" CONTENT="Tale" WC="1.00" CC="0000"/>
						<SP ID="P5_SP00865" HPOS="2556" VPOS="3230" WIDTH="21"/>
						<String ID="P5_ST01081" HPOS="2577" VPOS="3207" WIDTH="28" HEIGHT="23" CONTENT="of" WC="1.00" CC="00"/>
						<SP ID="P5_SP00866" HPOS="2605" VPOS="3230" WIDTH="16"/>
						<String ID="P5_ST01082" HPOS="2621" VPOS="3208" WIDTH="54" HEIGHT="22" CONTENT="Two" WC="0.99" CC="030"/>
					</TextLine>
					<TextLine ID="P5_TL00217" HPOS="2203" VPOS="3245" WIDTH="472" HEIGHT="23">
						<String ID="P5_ST01083" HPOS="2203" VPOS="3245" WIDTH="97" HEIGHT="22" CONTENT='Cities:"' WC="0.99" CC="03000603"/>
						<SP ID="P5_SP00867" HPOS="2300" VPOS="3267" WIDTH="18"/>
						<String ID="P5_ST01084" HPOS="2318" VPOS="3245" WIDTH="15" HEIGHT="22" CONTENT="it" WC="0.97" CC="00"/>
						<SP ID="P5_SP00868" HPOS="2333" VPOS="3267" WIDTH="18"/>
						<String ID="P5_ST01085" HPOS="2351" VPOS="3245" WIDTH="18" HEIGHT="22" CONTENT="is" WC="1.00" CC="00"/>
						<SP ID="P5_SP00869" HPOS="2369" VPOS="3267" WIDTH="17"/>
						<String ID="P5_ST01086" HPOS="2386" VPOS="3245" WIDTH="37" HEIGHT="23" CONTENT="the" WC="1.00" CC="000"/>
						<SP ID="P5_SP00870" HPOS="2423" VPOS="3268" WIDTH="17"/>
						<String ID="P5_ST01087" HPOS="2440" VPOS="3246" WIDTH="49" HEIGHT="22" CONTENT="best" WC="1.00" CC="0100"/>
						<SP ID="P5_SP00871" HPOS="2489" VPOS="3268" WIDTH="17"/>
						<String ID="P5_ST01088" HPOS="2506" VPOS="3245" WIDTH="27" HEIGHT="23" CONTENT="of" WC="0.92" CC="10"/>
						<SP ID="P5_SP00872" HPOS="2533" VPOS="3268" WIDTH="16"/>
						<String ID="P5_ST01089" HPOS="2549" VPOS="3245" WIDTH="66" HEIGHT="23" CONTENT="times" WC="0.99" CC="00505"/>
						<SP ID="P5_SP00873" HPOS="2615" VPOS="3268" WIDTH="17"/>
						<String ID="P5_ST01090" HPOS="2632" VPOS="3246" WIDTH="43" HEIGHT="22" CONTENT="and" WC="1.00" CC="000"/>
					</TextLine>
					<TextLine ID="P5_TL00218" HPOS="2205" VPOS="3283" WIDTH="469" HEIGHT="22">
						<String ID="P5_ST01091" HPOS="2205" VPOS="3283" WIDTH="15" HEIGHT="22" CONTENT="it" WC="1.00" CC="00"/>
						<SP ID="P5_SP00874" HPOS="2220" VPOS="3305" WIDTH="16"/>
						<String ID="P5_ST01092" HPOS="2236" VPOS="3283" WIDTH="18" HEIGHT="22" CONTENT="is" WC="0.86" CC="02"/>
						<SP ID="P5_SP00875" HPOS="2254" VPOS="3305" WIDTH="16"/>
						<String ID="P5_ST01093" HPOS="2270" VPOS="3283" WIDTH="37" HEIGHT="22" CONTENT="the" WC="1.00" CC="000"/>
						<SP ID="P5_SP00876" HPOS="2307" VPOS="3305" WIDTH="16"/>
						<String ID="P5_ST01094" HPOS="2323" VPOS="3287" WIDTH="68" HEIGHT="18" CONTENT="worst" WC="0.96" CC="64095"/>
						<SP ID="P5_SP00877" HPOS="2391" VPOS="3305" WIDTH="15"/>
						<String ID="P5_ST01095" HPOS="2406" VPOS="3283" WIDTH="28" HEIGHT="22" CONTENT="of" WC="0.97" CC="00"/>
						<SP ID="P5_SP00878" HPOS="2434" VPOS="3305" WIDTH="13"/>
						<String ID="P5_ST01096" HPOS="2447" VPOS="3283" WIDTH="73" HEIGHT="22" CONTENT="times." WC="1.00" CC="000000"/>
						<SP ID="P5_SP00879" HPOS="2520" VPOS="3305" WIDTH="19"/>
						<String ID="P5_ST01097" HPOS="2539" VPOS="3283" WIDTH="22" HEIGHT="22" CONTENT="In" WC="0.77" CC="03"/>
						<SP ID="P5_SP00880" HPOS="2561" VPOS="3305" WIDTH="16"/>
						<String ID="P5_ST01098" HPOS="2577" VPOS="3283" WIDTH="97" HEIGHT="22" CONTENT='"Tinsel:' WC="1.00" CC="40000000"/>
					</TextLine>
					<TextLine ID="P5_TL00219" HPOS="2205" VPOS="3320" WIDTH="470" HEIGHT="24">
						<String ID="P5_ST01099" HPOS="2205" VPOS="3321" WIDTH="19" HEIGHT="21" CONTENT="A" WC="0.79" CC="2"/>
						<SP ID="P5_SP00881" HPOS="2224" VPOS="3342" WIDTH="18"/>
						<String ID="P5_ST01100" HPOS="2242" VPOS="3320" WIDTH="83" HEIGHT="23" CONTENT="Search" WC="1.00" CC="002000"/>
						<SP ID="P5_SP00882" HPOS="2325" VPOS="3343" WIDTH="20"/>
						<String ID="P5_ST01101" HPOS="2345" VPOS="3321" WIDTH="43" HEIGHT="22" CONTENT="For" WC="0.96" CC="550"/>
						<SP ID="P5_SP00883" HPOS="2388" VPOS="3343" WIDTH="15"/>
						<String ID="P5_ST01102" HPOS="2403" VPOS="3322" WIDTH="128" HEIGHT="22" CONTENT="America's" WC="0.99" CC="090000013"/>
						<SP ID="P5_SP00884" HPOS="2531" VPOS="3344" WIDTH="18"/>
						<String ID="P5_ST01103" HPOS="2549" VPOS="3322" WIDTH="126" HEIGHT="22" CONTENT="Christmas" WC="1.00" CC="030000007"/>
					</TextLine>
					<TextLine ID="P5_TL00220" HPOS="2204" VPOS="3358" WIDTH="471" HEIGHT="30">
						<String ID="P5_ST01104" HPOS="2204" VPOS="3358" WIDTH="114" HEIGHT="25" CONTENT='Present,"' WC="1.00" CC="300012020"/>
						<SP ID="P5_SP00885" HPOS="2318" VPOS="3383" WIDTH="23"/>
						<String ID="P5_ST01105" HPOS="2341" VPOS="3359" WIDTH="28" HEIGHT="29" CONTENT="by" WC="0.48" CC="63"/>
						<SP ID="P5_SP00886" HPOS="2369" VPOS="3388" WIDTH="25"/>
						<String ID="P5_ST01106" HPOS="2394" VPOS="3359" WIDTH="87" HEIGHT="29" CONTENT="Loyola" WC="0.98" CC="410620"/>
						<SP ID="P5_SP00887" HPOS="2481" VPOS="3388" WIDTH="23"/>
						<String ID="P5_ST01107" HPOS="2504" VPOS="3359" WIDTH="105" HEIGHT="23" CONTENT="alumnus" WC="0.99" CC="0400308"/>
						<SP ID="P5_SP00888" HPOS="2609" VPOS="3388" WIDTH="23"/>
						<String ID="P5_ST01108" HPOS="2632" VPOS="3359" WIDTH="43" HEIGHT="22" CONTENT="and" WC="1.00" CC="000"/>
					</TextLine>
					<TextLine ID="P5_TL00221" HPOS="2204" VPOS="3396" WIDTH="470" HEIGHT="23">
						<String ID="P5_ST01109" HPOS="2204" VPOS="3396" WIDTH="85" HEIGHT="23" CONTENT="former" WC="0.99" CC="010320"/>
						<SP ID="P5_SP00889" HPOS="2289" VPOS="3419" WIDTH="14"/>
						<String ID="P5_ST01110" HPOS="2303" VPOS="3397" WIDTH="98" HEIGHT="22" CONTENT="Maroon" WC="0.98" CC="462021"/>
						<SP ID="P5_SP00890" HPOS="2401" VPOS="3419" WIDTH="13"/>
						<String ID="P5_ST01111" HPOS="2414" VPOS="3397" WIDTH="183" HEIGHT="22" CONTENT="editor-in-chief" WC="1.00" CC="000400100070007"/>
						<SP ID="P5_SP00891" HPOS="2597" VPOS="3419" WIDTH="13"/>
						<String ID="P5_ST01112" HPOS="2610" VPOS="3397" WIDTH="64" HEIGHT="22" CONTENT="Hank" WC="0.99" CC="5000"/>
					</TextLine>
					<TextLine ID="P5_TL00222" HPOS="2205" VPOS="3434" WIDTH="470" HEIGHT="30">
						<String ID="P5_ST01113" HPOS="2205" VPOS="3434" WIDTH="101" HEIGHT="26" CONTENT="Stuever," WC="0.90" CC="10002020"/>
						<SP ID="P5_SP00892" HPOS="2306" VPOS="3460" WIDTH="13"/>
						<String ID="P5_ST01114" HPOS="2319" VPOS="3434" WIDTH="37" HEIGHT="23" CONTENT="the" WC="1.00" CC="000"/>
						<SP ID="P5_SP00893" HPOS="2356" VPOS="3460" WIDTH="13"/>
						<String ID="P5_ST01115" HPOS="2369" VPOS="3435" WIDTH="100" HEIGHT="29" CONTENT="struggle" WC="1.00" CC="00000040"/>
						<SP ID="P5_SP00894" HPOS="2469" VPOS="3464" WIDTH="13"/>
						<String ID="P5_ST01116" HPOS="2482" VPOS="3434" WIDTH="27" HEIGHT="23" CONTENT="of" WC="0.69" CC="50"/>
						<SP ID="P5_SP00895" HPOS="2509" VPOS="3464" WIDTH="11"/>
						<String ID="P5_ST01117" HPOS="2520" VPOS="3435" WIDTH="36" HEIGHT="22" CONTENT="the" WC="0.99" CC="030"/>
						<SP ID="P5_SP00896" HPOS="2556" VPOS="3464" WIDTH="14"/>
						<String ID="P5_ST01118" HPOS="2570" VPOS="3435" WIDTH="48" HEIGHT="22" CONTENT="best" WC="0.99" CC="0500"/>
						<SP ID="P5_SP00897" HPOS="2618" VPOS="3464" WIDTH="14"/>
						<String ID="P5_ST01119" HPOS="2632" VPOS="3435" WIDTH="43" HEIGHT="22" CONTENT="and" WC="1.00" CC="000"/>
					</TextLine>
					<TextLine ID="P5_TL00223" HPOS="2205" VPOS="3472" WIDTH="470" HEIGHT="23">
						<String ID="P5_ST01120" HPOS="2205" VPOS="3477" WIDTH="69" HEIGHT="17" CONTENT="worst" WC="0.99" CC="00004"/>
						<SP ID="P5_SP00898" HPOS="2274" VPOS="3494" WIDTH="13"/>
						<String ID="P5_ST01121" HPOS="2287" VPOS="3472" WIDTH="27" HEIGHT="22" CONTENT="of" WC="1.00" CC="00"/>
						<SP ID="P5_SP00899" HPOS="2314" VPOS="3494" WIDTH="12"/>
						<String ID="P5_ST01122" HPOS="2326" VPOS="3472" WIDTH="183" HEIGHT="23" CONTENT="Christmastime" WC="1.00" CC="0000007044006"/>
						<SP ID="P5_SP00900" HPOS="2509" VPOS="3495" WIDTH="15"/>
						<String ID="P5_ST01123" HPOS="2524" VPOS="3472" WIDTH="37" HEIGHT="23" CONTENT="for" WC="0.98" CC="050"/>
						<SP ID="P5_SP00901" HPOS="2561" VPOS="3495" WIDTH="13"/>
						<String ID="P5_ST01124" HPOS="2574" VPOS="3472" WIDTH="101" HEIGHT="22" CONTENT="millions" WC="0.99" CC="04230049"/>
					</TextLine>
					<TextLine ID="P5_TL00224" HPOS="2204" VPOS="3510" WIDTH="319" HEIGHT="22">
						<String ID="P5_ST01125" HPOS="2204" VPOS="3510" WIDTH="28" HEIGHT="22" CONTENT="of" WC="0.73" CC="50"/>
						<SP ID="P5_SP00902" HPOS="2232" VPOS="3532" WIDTH="5"/>
						<String ID="P5_ST01126" HPOS="2237" VPOS="3510" WIDTH="136" HEIGHT="22" CONTENT="Americans" WC="1.00" CC="000000005"/>
						<SP ID="P5_SP00903" HPOS="2373" VPOS="3532" WIDTH="10"/>
						<String ID="P5_ST01127" HPOS="2383" VPOS="3510" WIDTH="18" HEIGHT="22" CONTENT="is" WC="1.00" CC="00"/>
						<SP ID="P5_SP00904" HPOS="2401" VPOS="3532" WIDTH="10"/>
						<String ID="P5_ST01128" HPOS="2411" VPOS="3510" WIDTH="112" HEIGHT="22" CONTENT="revealed." WC="1.00" CC="000004000"/>
					</TextLine>
					<TextLine ID="P5_TL00225" HPOS="2246" VPOS="3548" WIDTH="428" HEIGHT="29">
						<String ID="P5_ST01129" HPOS="2246" VPOS="3548" WIDTH="22" HEIGHT="22" CONTENT='"I' WC="0.83" CC="30"/>
						<SP ID="P5_SP00905" HPOS="2268" VPOS="3570" WIDTH="17"/>
						<String ID="P5_ST01130" HPOS="2285" VPOS="3548" WIDTH="88" HEIGHT="23" CONTENT="wanted" WC="1.00" CC="012000"/>
						<SP ID="P5_SP00906" HPOS="2373" VPOS="3571" WIDTH="17"/>
						<String ID="P5_ST01131" HPOS="2390" VPOS="3548" WIDTH="44" HEIGHT="23" CONTENT="this" WC="1.00" CC="0200"/>
						<SP ID="P5_SP00907" HPOS="2434" VPOS="3571" WIDTH="15"/>
						<String ID="P5_ST01132" HPOS="2449" VPOS="3552" WIDTH="61" HEIGHT="25" CONTENT="story" WC="0.98" CC="54100"/>
						<SP ID="P5_SP00908" HPOS="2510" VPOS="3577" WIDTH="15"/>
						<String ID="P5_ST01133" HPOS="2525" VPOS="3553" WIDTH="24" HEIGHT="18" CONTENT="to" WC="0.89" CC="20"/>
						<SP ID="P5_SP00909" HPOS="2549" VPOS="3577" WIDTH="15"/>
						<String ID="P5_ST01134" HPOS="2564" VPOS="3548" WIDTH="27" HEIGHT="23" CONTENT="be" WC="0.68" CC="06"/>
						<SP ID="P5_SP00910" HPOS="2591" VPOS="3577" WIDTH="15"/>
						<String ID="P5_ST01135" HPOS="2606" VPOS="3548" WIDTH="68" HEIGHT="23" CONTENT="about" WC="0.99" CC="00900"/>
					</TextLine>
					<TextLine ID="P5_TL00226" HPOS="2203" VPOS="3585" WIDTH="470" HEIGHT="30">
						<String ID="P5_ST01136" HPOS="2203" VPOS="3585" WIDTH="135" HEIGHT="25" CONTENT="Christmas," WC="1.00" CC="0000000080"/>
						<SP ID="P5_SP00911" HPOS="2338" VPOS="3610" WIDTH="15"/>
						<String ID="P5_ST01137" HPOS="2353" VPOS="3586" WIDTH="39" HEIGHT="22" CONTENT="but" WC="1.00" CC="000"/>
						<SP ID="P5_SP00912" HPOS="2392" VPOS="3610" WIDTH="15"/>
						<String ID="P5_ST01138" HPOS="2407" VPOS="3586" WIDTH="49" HEIGHT="22" CONTENT="also" WC="0.97" CC="9004"/>
						<SP ID="P5_SP00913" HPOS="2456" VPOS="3610" WIDTH="14"/>
						<String ID="P5_ST01139" HPOS="2470" VPOS="3587" WIDTH="134" HEIGHT="28" CONTENT="everything" WC="1.00" CC="0000060000"/>
						<SP ID="P5_SP00914" HPOS="2604" VPOS="3615" WIDTH="14"/>
						<String ID="P5_ST01140" HPOS="2618" VPOS="3587" WIDTH="55" HEIGHT="21" CONTENT="else:" WC="0.99" CC="01800"/>
					</TextLine>
					<TextLine ID="P5_TL00227" HPOS="2203" VPOS="3623" WIDTH="472" HEIGHT="30">
						<String ID="P5_ST01141" HPOS="2203" VPOS="3630" WIDTH="42" HEIGHT="15" CONTENT="our" WC="0.95" CC="840"/>
						<SP ID="P5_SP00915" HPOS="2245" VPOS="3645" WIDTH="7"/>
						<String ID="P5_ST01142" HPOS="2252" VPOS="3623" WIDTH="70" HEIGHT="23" CONTENT="weird" WC="0.98" CC="94000"/>
						<SP ID="P5_SP00916" HPOS="2322" VPOS="3646" WIDTH="7"/>
						<String ID="P5_ST01143" HPOS="2329" VPOS="3631" WIDTH="121" HEIGHT="22" CONTENT="economy," WC="0.99" CC="02008900"/>
						<SP ID="P5_SP00917" HPOS="2450" VPOS="3653" WIDTH="7"/>
						<String ID="P5_ST01144" HPOS="2457" VPOS="3631" WIDTH="43" HEIGHT="15" CONTENT="our" WC="0.96" CC="901"/>
						<SP ID="P5_SP00918" HPOS="2500" VPOS="3653" WIDTH="7"/>
						<String ID="P5_ST01145" HPOS="2507" VPOS="3624" WIDTH="92" HEIGHT="22" CONTENT="modern" WC="0.99" CC="090000"/>
						<SP ID="P5_SP00919" HPOS="2599" VPOS="3653" WIDTH="10"/>
						<String ID="P5_ST01146" HPOS="2609" VPOS="3631" WIDTH="66" HEIGHT="16" CONTENT="sense" WC="1.00" CC="00000"/>
					</TextLine>
					<TextLine ID="P5_TL00228" HPOS="2203" VPOS="3661" WIDTH="471" HEIGHT="24">
						<String ID="P5_ST01147" HPOS="2203" VPOS="3661" WIDTH="27" HEIGHT="22" CONTENT="of" WC="1.00" CC="00"/>
						<SP ID="P5_SP00920" HPOS="2230" VPOS="3683" WIDTH="9"/>
						<String ID="P5_ST01148" HPOS="2239" VPOS="3661" WIDTH="76" HEIGHT="24" CONTENT="home," WC="0.99" CC="00025"/>
						<SP ID="P5_SP00921" HPOS="2315" VPOS="3685" WIDTH="10"/>
						<String ID="P5_ST01149" HPOS="2325" VPOS="3668" WIDTH="42" HEIGHT="15" CONTENT="our" WC="1.00" CC="010"/>
						<SP ID="P5_SP00922" HPOS="2367" VPOS="3685" WIDTH="10"/>
						<String ID="P5_ST01150" HPOS="2377" VPOS="3661" WIDTH="62" HEIGHT="23" CONTENT="often" WC="0.99" CC="30070"/>
						<SP ID="P5_SP00923" HPOS="2439" VPOS="3685" WIDTH="12"/>
						<String ID="P5_ST01151" HPOS="2451" VPOS="3662" WIDTH="85" HEIGHT="22" CONTENT="broken" WC="0.99" CC="700000"/>
						<SP ID="P5_SP00924" HPOS="2536" VPOS="3685" WIDTH="12"/>
						<String ID="P5_ST01152" HPOS="2548" VPOS="3662" WIDTH="73" HEIGHT="22" CONTENT="hearts" WC="1.00" CC="030000"/>
						<SP ID="P5_SP00925" HPOS="2621" VPOS="3685" WIDTH="10"/>
						<String ID="P5_ST01153" HPOS="2631" VPOS="3662" WIDTH="43" HEIGHT="22" CONTENT="and" WC="0.99" CC="200"/>
					</TextLine>
					<TextLine ID="P5_TL00229" HPOS="2202" VPOS="3699" WIDTH="473" HEIGHT="29">
						<String ID="P5_ST01154" HPOS="2202" VPOS="3705" WIDTH="43" HEIGHT="15" CONTENT="our" WC="0.99" CC="300"/>
						<SP ID="P5_SP00926" HPOS="2245" VPOS="3720" WIDTH="18"/>
						<String ID="P5_ST01155" HPOS="2263" VPOS="3699" WIDTH="92" HEIGHT="22" CONTENT="notions" WC="0.99" CC="0531000"/>
						<SP ID="P5_SP00927" HPOS="2355" VPOS="3721" WIDTH="18"/>
						<String ID="P5_ST01156" HPOS="2373" VPOS="3699" WIDTH="28" HEIGHT="23" CONTENT="of" WC="0.50" CC="90"/>
						<SP ID="P5_SP00928" HPOS="2401" VPOS="3722" WIDTH="16"/>
						<String ID="P5_ST01157" HPOS="2417" VPOS="3699" WIDTH="60" HEIGHT="22" CONTENT="God." WC="1.00" CC="0000"/>
						<SP ID="P5_SP00929" HPOS="2477" VPOS="3722" WIDTH="19"/>
						<String ID="P5_ST01158" HPOS="2496" VPOS="3699" WIDTH="48" HEIGHT="23" CONTENT="The" WC="1.00" CC="000"/>
						<SP ID="P5_SP00930" HPOS="2544" VPOS="3722" WIDTH="20"/>
						<String ID="P5_ST01159" HPOS="2564" VPOS="3699" WIDTH="111" HEIGHT="29" CONTENT='biggies,"' WC="1.00" CC="002041000"/>
					</TextLine>
					<TextLine ID="P5_TL00230" HPOS="2203" VPOS="3736" WIDTH="336" HEIGHT="24">
						<String ID="P5_ST01160" HPOS="2203" VPOS="3736" WIDTH="97" HEIGHT="23" CONTENT="Stuever" WC="0.95" CC="0000030"/>
						<SP ID="P5_SP00931" HPOS="2300" VPOS="3759" WIDTH="8"/>
						<String ID="P5_ST01161" HPOS="2308" VPOS="3737" WIDTH="76" HEIGHT="22" CONTENT="writes" WC="0.99" CC="000609"/>
						<SP ID="P5_SP00932" HPOS="2384" VPOS="3759" WIDTH="11"/>
						<String ID="P5_ST01162" HPOS="2395" VPOS="3736" WIDTH="21" HEIGHT="23" CONTENT="in" WC="0.85" CC="02"/>
						<SP ID="P5_SP00933" HPOS="2416" VPOS="3759" WIDTH="10"/>
						<String ID="P5_ST01163" HPOS="2426" VPOS="3736" WIDTH="113" HEIGHT="24" CONTENT='"Tinsel."' WC="1.00" CC="500000030"/>
					</TextLine>
					<TextLine ID="P5_TL00231" HPOS="2246" VPOS="3775" WIDTH="429" HEIGHT="29">
						<String ID="P5_ST01164" HPOS="2246" VPOS="3775" WIDTH="44" HEIGHT="22" CONTENT="For" WC="1.00" CC="000"/>
						<SP ID="P5_SP00934" HPOS="2290" VPOS="3797" WIDTH="21"/>
						<String ID="P5_ST01165" HPOS="2311" VPOS="3779" WIDTH="67" HEIGHT="21" CONTENT="most." WC="0.99" CC="05000"/>
						<SP ID="P5_SP00935" HPOS="2378" VPOS="3800" WIDTH="23"/>
						<String ID="P5_ST01166" HPOS="2401" VPOS="3775" WIDTH="71" HEIGHT="22" CONTENT="Black" WC="1.00" CC="00110"/>
						<SP ID="P5_SP00936" HPOS="2472" VPOS="3800" WIDTH="23"/>
						<String ID="P5_ST01167" HPOS="2495" VPOS="3775" WIDTH="79" HEIGHT="29" CONTENT="Friday" WC="1.00" CC="000000"/>
						<SP ID="P5_SP00937" HPOS="2574" VPOS="3804" WIDTH="24"/>
						<String ID="P5_ST01168" HPOS="2598" VPOS="3781" WIDTH="77" HEIGHT="16" CONTENT="serves" WC="0.99" CC="800003"/>
					</TextLine>
					<TextLine ID="P5_TL00232" HPOS="2202" VPOS="3813" WIDTH="471" HEIGHT="28">
						<String ID="P5_ST01169" HPOS="2202" VPOS="3819" WIDTH="44" HEIGHT="16" CONTENT="one" WC="1.00" CC="100"/>
						<SP ID="P5_SP00938" HPOS="2246" VPOS="3835" WIDTH="25"/>
						<String ID="P5_ST01170" HPOS="2271" VPOS="3819" WIDTH="105" HEIGHT="22" CONTENT="purpose:" WC="1.00" CC="00000000"/>
						<SP ID="P5_SP00939" HPOS="2376" VPOS="3841" WIDTH="25"/>
						<String ID="P5_ST01171" HPOS="2401" VPOS="3813" WIDTH="127" HEIGHT="23" CONTENT="Christmas" WC="1.00" CC="000000080"/>
						<SP ID="P5_SP00940" HPOS="2528" VPOS="3841" WIDTH="25"/>
						<String ID="P5_ST01172" HPOS="2553" VPOS="3813" WIDTH="120" HEIGHT="28" CONTENT="shopping." WC="1.00" CC="000004000"/>
					</TextLine>
					<TextLine ID="P5_TL00233" HPOS="2203" VPOS="3850" WIDTH="472" HEIGHT="30">
						<String ID="P5_ST01173" HPOS="2203" VPOS="3850" WIDTH="136" HEIGHT="23" CONTENT="Americans" WC="0.99" CC="090002800"/>
						<SP ID="P5_SP00941" HPOS="2339" VPOS="3873" WIDTH="19"/>
						<String ID="P5_ST01174" HPOS="2358" VPOS="3855" WIDTH="65" HEIGHT="25" CONTENT="spent" WC="0.99" CC="90000"/>
						<SP ID="P5_SP00942" HPOS="2423" VPOS="3880" WIDTH="20"/>
						<String ID="P5_ST01175" HPOS="2443" VPOS="3858" WIDTH="62" HEIGHT="15" CONTENT="more" WC="0.97" CC="9300"/>
						<SP ID="P5_SP00943" HPOS="2505" VPOS="3880" WIDTH="19"/>
						<String ID="P5_ST01176" HPOS="2524" VPOS="3851" WIDTH="53" HEIGHT="22" CONTENT="than" WC="1.00" CC="0100"/>
						<SP ID="P5_SP00944" HPOS="2577" VPOS="3880" WIDTH="18"/>
						<String ID="P5_ST01177" HPOS="2595" VPOS="3858" WIDTH="13" HEIGHT="15" CONTENT="a" WC="1.00" CC="0"/>
						<SP ID="P5_SP00945" HPOS="2608" VPOS="3880" WIDTH="19"/>
						<String ID="P5_ST01178" HPOS="2627" VPOS="3850" WIDTH="48" HEIGHT="23" CONTENT="half" WC="0.98" CC="3004"/>
					</TextLine>
					<TextLine ID="P5_TL00234" HPOS="2202" VPOS="3888" WIDTH="472" HEIGHT="30">
						<String ID="P5_ST01179" HPOS="2202" VPOS="3888" WIDTH="85" HEIGHT="22" CONTENT="trillion" WC="0.99" CC="00300142"/>
						<SP ID="P5_SP00946" HPOS="2287" VPOS="3910" WIDTH="13"/>
						<String ID="P5_ST01180" HPOS="2300" VPOS="3888" WIDTH="84" HEIGHT="23" CONTENT="dollars" WC="0.99" CC="8400010"/>
						<SP ID="P5_SP00947" HPOS="2384" VPOS="3911" WIDTH="12"/>
						<String ID="P5_ST01181" HPOS="2396" VPOS="3896" WIDTH="30" HEIGHT="15" CONTENT="on" WC="1.00" CC="00"/>
						<SP ID="P5_SP00948" HPOS="2426" VPOS="3911" WIDTH="13"/>
						<String ID="P5_ST01182" HPOS="2439" VPOS="3888" WIDTH="55" HEIGHT="30" CONTENT="gifts" WC="0.99" CC="00006"/>
						<SP ID="P5_SP00949" HPOS="2494" VPOS="3918" WIDTH="12"/>
						<String ID="P5_ST01183" HPOS="2506" VPOS="3888" WIDTH="22" HEIGHT="23" CONTENT="in" WC="0.72" CC="05"/>
						<SP ID="P5_SP00950" HPOS="2528" VPOS="3918" WIDTH="13"/>
						<String ID="P5_ST01184" HPOS="2541" VPOS="3889" WIDTH="61" HEIGHT="22" CONTENT="2006" WC="0.82" CC="0051"/>
						<SP ID="P5_SP00951" HPOS="2602" VPOS="3918" WIDTH="13"/>
						<String ID="P5_ST01185" HPOS="2615" VPOS="3889" WIDTH="59" HEIGHT="22" CONTENT="from" WC="0.99" CC="2040"/>
					</TextLine>
					<TextLine ID="P5_TL00235" HPOS="2203" VPOS="3925" WIDTH="471" HEIGHT="27">
						<String ID="P5_ST01186" HPOS="2203" VPOS="3925" WIDTH="192" HEIGHT="23" CONTENT="mid-November" WC="1.00" CC="250103000000"/>
						<SP ID="P5_SP00952" HPOS="2395" VPOS="3948" WIDTH="17"/>
						<String ID="P5_ST01187" HPOS="2412" VPOS="3930" WIDTH="22" HEIGHT="19" CONTENT="to" WC="1.00" CC="00"/>
						<SP ID="P5_SP00953" HPOS="2434" VPOS="3949" WIDTH="16"/>
						<String ID="P5_ST01188" HPOS="2450" VPOS="3926" WIDTH="58" HEIGHT="23" CONTENT="New" WC="0.99" CC="020"/>
						<SP ID="P5_SP00954" HPOS="2508" VPOS="3949" WIDTH="16"/>
						<String ID="P5_ST01189" HPOS="2524" VPOS="3926" WIDTH="78" HEIGHT="23" CONTENT="Year's" WC="1.00" CC="301000"/>
						<SP ID="P5_SP00955" HPOS="2602" VPOS="3949" WIDTH="17"/>
						<String ID="P5_ST01190" HPOS="2619" VPOS="3927" WIDTH="55" HEIGHT="25" CONTENT="Eve," WC="0.99" CC="0022"/>
					</TextLine>
					<TextLine ID="P5_TL00236" HPOS="2203" VPOS="3963" WIDTH="471" HEIGHT="30">
						<String ID="P5_ST01191" HPOS="2203" VPOS="3963" WIDTH="76" HEIGHT="23" CONTENT="which" WC="1.00" CC="00000"/>
						<SP ID="P5_SP00956" HPOS="2279" VPOS="3986" WIDTH="20"/>
						<String ID="P5_ST01192" HPOS="2299" VPOS="3964" WIDTH="17" HEIGHT="22" CONTENT="is" WC="0.58" CC="43"/>
						<SP ID="P5_SP00957" HPOS="2316" VPOS="3986" WIDTH="18"/>
						<String ID="P5_ST01193" HPOS="2334" VPOS="3966" WIDTH="78" HEIGHT="20" CONTENT='"more' WC="0.99" CC="60000"/>
						<SP ID="P5_SP00958" HPOS="2412" VPOS="3986" WIDTH="18"/>
						<String ID="P5_ST01194" HPOS="2430" VPOS="3964" WIDTH="52" HEIGHT="22" CONTENT="than" WC="1.00" CC="0000"/>
						<SP ID="P5_SP00959" HPOS="2482" VPOS="3986" WIDTH="19"/>
						<String ID="P5_ST01195" HPOS="2501" VPOS="3971" WIDTH="34" HEIGHT="15" CONTENT="we" WC="1.00" CC="00"/>
						<SP ID="P5_SP00960" HPOS="2535" VPOS="3986" WIDTH="20"/>
						<String ID="P5_ST01196" HPOS="2555" VPOS="3964" WIDTH="71" HEIGHT="29" CONTENT="spend" WC="1.00" CC="00000"/>
						<SP ID="P5_SP00961" HPOS="2626" VPOS="3993" WIDTH="18"/>
						<String ID="P5_ST01197" HPOS="2644" VPOS="3971" WIDTH="30" HEIGHT="15" CONTENT="on" WC="0.69" CC="41"/>
					</TextLine>
					<TextLine ID="P5_TL00237" HPOS="2203" VPOS="4001" WIDTH="471" HEIGHT="30">
						<String ID="P5_ST01198" HPOS="2203" VPOS="4001" WIDTH="109" HEIGHT="29" CONTENT="anything" WC="1.00" CC="01004000"/>
						<SP ID="P5_SP00962" HPOS="2312" VPOS="4030" WIDTH="13"/>
						<String ID="P5_ST01199" HPOS="2325" VPOS="4002" WIDTH="48" HEIGHT="22" CONTENT="else" WC="0.98" CC="0080"/>
						<SP ID="P5_SP00963" HPOS="2373" VPOS="4030" WIDTH="14"/>
						<String ID="P5_ST01200" HPOS="2387" VPOS="4008" WIDTH="25" HEIGHT="16" CONTENT="as" WC="1.00" CC="00"/>
						<SP ID="P5_SP00964" HPOS="2412" VPOS="4030" WIDTH="13"/>
						<String ID="P5_ST01201" HPOS="2425" VPOS="4009" WIDTH="13" HEIGHT="15" CONTENT="a" WC="1.00" CC="0"/>
						<SP ID="P5_SP00965" HPOS="2438" VPOS="4030" WIDTH="14"/>
						<String ID="P5_ST01202" HPOS="2452" VPOS="4002" WIDTH="90" HEIGHT="29" CONTENT="people," WC="0.99" CC="0600400"/>
						<SP ID="P5_SP00966" HPOS="2542" VPOS="4031" WIDTH="15"/>
						<String ID="P5_ST01203" HPOS="2557" VPOS="4002" WIDTH="117" HEIGHT="29" CONTENT="including" WC="0.99" CC="001020359"/>
					</TextLine>
					<TextLine ID="P5_TL00238" HPOS="2203" VPOS="4040" WIDTH="470" HEIGHT="27">
						<String ID="P5_ST01204" HPOS="2203" VPOS="4040" WIDTH="37" HEIGHT="22" CONTENT="the" WC="0.99" CC="002"/>
						<SP ID="P5_SP00967" HPOS="2240" VPOS="4062" WIDTH="7"/>
						<String ID="P5_ST01205" HPOS="2247" VPOS="4040" WIDTH="82" HEIGHT="22" CONTENT="annual" WC="1.00" CC="000103"/>
						<SP ID="P5_SP00968" HPOS="2329" VPOS="4062" WIDTH="9"/>
						<String ID="P5_ST01206" HPOS="2338" VPOS="4040" WIDTH="38" HEIGHT="22" CONTENT="bill" WC="1.00" CC="0000"/>
						<SP ID="P5_SP00969" HPOS="2376" VPOS="4062" WIDTH="9"/>
						<String ID="P5_ST01207" HPOS="2385" VPOS="4044" WIDTH="21" HEIGHT="18" CONTENT="at" WC="1.00" CC="00"/>
						<SP ID="P5_SP00970" HPOS="2406" VPOS="4062" WIDTH="8"/>
						<String ID="P5_ST01208" HPOS="2414" VPOS="4040" WIDTH="45" HEIGHT="22" CONTENT="that" WC="1.00" CC="0000"/>
						<SP ID="P5_SP00971" HPOS="2459" VPOS="4062" WIDTH="8"/>
						<String ID="P5_ST01209" HPOS="2467" VPOS="4040" WIDTH="54" HEIGHT="22" CONTENT="time" WC="0.99" CC="0006"/>
						<SP ID="P5_SP00972" HPOS="2521" VPOS="4062" WIDTH="9"/>
						<String ID="P5_ST01210" HPOS="2530" VPOS="4040" WIDTH="36" HEIGHT="22" CONTENT="for" WC="0.99" CC="002"/>
						<SP ID="P5_SP00973" HPOS="2566" VPOS="4062" WIDTH="6"/>
						<String ID="P5_ST01211" HPOS="2572" VPOS="4040" WIDTH="101" HEIGHT="27" CONTENT="ongoing" WC="0.99" CC="0401500"/>
					</TextLine>
				</TextBlock>
				<TextBlock ID="P5_TB00023" HPOS="1575" VPOS="433" WIDTH="210" HEIGHT="30" STYLEREFS="TXT_0 PAR_RIGHT">
					<TextLine ID="P5_TL00239" HPOS="1575" VPOS="433" WIDTH="210" HEIGHT="30">
						<String ID="P5_ST01212" HPOS="1575" VPOS="439" WIDTH="44" HEIGHT="22" CONTENT="the" WC="0.95" CC="623"/>
						<SP ID="P5_SP00974" HPOS="1619" VPOS="461" WIDTH="15"/>
						<String ID="P5_ST01213" HPOS="1634" VPOS="433" WIDTH="151" HEIGHT="30" CONTENT="Maroon" WC="0.99" CC="024000"/>
					</TextLine>
				</TextBlock>
				<TextBlock ID="P5_TB00024" HPOS="675" VPOS="473" WIDTH="112" HEIGHT="26" STYLEREFS="TXT_0 PAR_LEFT">
					<TextLine ID="P5_TL00240" HPOS="675" VPOS="473" WIDTH="111" HEIGHT="25">
						<String ID="P5_ST01214" HPOS="675" VPOS="473" WIDTH="111" HEIGHT="25" CONTENT="5" WC="1.00" CC="0"/>
					</TextLine>
				</TextBlock>
				<TextBlock ID="P5_TB00025" HPOS="2248" VPOS="472" WIDTH="440" HEIGHT="28" STYLEREFS="TXT_0 PAR_RIGHT">
					<TextLine ID="P5_TL00241" HPOS="2248" VPOS="472" WIDTH="440" HEIGHT="28">
						<String ID="P5_ST01215" HPOS="2248" VPOS="472" WIDTH="116" HEIGHT="28" CONTENT="FRIDAY," WC="0.99" CC="6000240"/>
						<SP ID="P5_SP00975" HPOS="2364" VPOS="500" WIDTH="15"/>
						<String ID="P5_ST01216" HPOS="2379" VPOS="472" WIDTH="174" HEIGHT="26" CONTENT="DECEMBER" WC="0.99" CC="05061040"/>
						<SP ID="P5_SP00976" HPOS="2553" VPOS="500" WIDTH="13"/>
						<String ID="P5_ST01217" HPOS="2566" VPOS="472" WIDTH="26" HEIGHT="28" CONTENT="11," WC="1.00" CC="000"/>
						<SP ID="P5_SP00977" HPOS="2592" VPOS="500" WIDTH="14"/>
						<String ID="P5_ST01218" HPOS="2606" VPOS="472" WIDTH="82" HEIGHT="25" CONTENT="2009" WC="0.77" CC="6200"/>
					</TextLine>
				</TextBlock>
				<TextBlock ID="P5_TB00026" HPOS="2358" VPOS="2378" WIDTH="323" HEIGHT="36" STYLEREFS="TXT_0 PAR_RIGHT">
					<TextLine ID="P5_TL00242" HPOS="2358" VPOS="2378" WIDTH="323" HEIGHT="36">
						<String ID="P5_ST01219" HPOS="2358" VPOS="2385" WIDTH="50" HEIGHT="23" CONTENT="see" WC="0.99" CC="030"/>
						<SP ID="P5_SP00978" HPOS="2408" VPOS="2408" WIDTH="11"/>
						<String ID="P5_ST01220" HPOS="2419" VPOS="2380" WIDTH="125" HEIGHT="32" CONTENT="FAITH," WC="0.99" CC="500023"/>
						<SP ID="P5_SP00979" HPOS="2544" VPOS="2412" WIDTH="16"/>
						<String ID="P5_ST01221" HPOS="2560" VPOS="2385" WIDTH="73" HEIGHT="29" CONTENT="page" WC="1.00" CC="0000"/>
						<SP ID="P5_SP00980" HPOS="2633" VPOS="2414" WIDTH="16"/>
						<String ID="P5_ST01222" HPOS="2649" VPOS="2378" WIDTH="32" HEIGHT="30" CONTENT="12" WC="1.00" CC="00"/>
					</TextLine>
				</TextBlock>
				<TextBlock ID="P5_TB00027" HPOS="1849" VPOS="4103" WIDTH="313" HEIGHT="36" STYLEREFS="TXT_0 PAR_RIGHT">
					<TextLine ID="P5_TL00243" HPOS="1849" VPOS="4104" WIDTH="313" HEIGHT="35">
						<String ID="P5_ST01223" HPOS="1849" VPOS="4108" WIDTH="51" HEIGHT="24" CONTENT="see" WC="1.00" CC="000"/>
						<SP ID="P5_SP00981" HPOS="1900" VPOS="4132" WIDTH="11"/>
						<String ID="P5_ST01224" HPOS="1911" VPOS="4104" WIDTH="133" HEIGHT="32" CONTENT="PLAYS," WC="1.00" CC="000000"/>
						<SP ID="P5_SP00982" HPOS="2044" VPOS="4136" WIDTH="15"/>
						<String ID="P5_ST01225" HPOS="2059" VPOS="4110" WIDTH="73" HEIGHT="29" CONTENT="page" WC="1.00" CC="1000"/>
						<SP ID="P5_SP00983" HPOS="2132" VPOS="4139" WIDTH="13"/>
						<String ID="P5_ST01226" HPOS="2145" VPOS="4104" WIDTH="17" HEIGHT="29" CONTENT="7" WC="0.40" CC="5"/>
					</TextLine>
				</TextBlock>
				<TextBlock ID="P5_TB00028" HPOS="2285" VPOS="4104" WIDTH="390" HEIGHT="35" STYLEREFS="TXT_0 PAR_RIGHT">
					<TextLine ID="P5_TL00244" HPOS="2286" VPOS="4104" WIDTH="389" HEIGHT="35">
						<String ID="P5_ST01227" HPOS="2286" VPOS="4110" WIDTH="50" HEIGHT="24" CONTENT="see" WC="0.96" CC="064"/>
						<SP ID="P5_SP00984" HPOS="2336" VPOS="4134" WIDTH="11"/>
						<String ID="P5_ST01228" HPOS="2347" VPOS="4105" WIDTH="193" HEIGHT="32" CONTENT="STUEVER," WC="1.00" CC="00000000"/>
						<SP ID="P5_SP00985" HPOS="2540" VPOS="4137" WIDTH="14"/>
						<String ID="P5_ST01229" HPOS="2554" VPOS="4111" WIDTH="73" HEIGHT="28" CONTENT="page" WC="0.98" CC="0280"/>
						<SP ID="P5_SP00986" HPOS="2627" VPOS="4139" WIDTH="16"/>
						<String ID="P5_ST01230" HPOS="2643" VPOS="4104" WIDTH="32" HEIGHT="29" CONTENT="12" WC="1.00" CC="00"/>
					</TextLine>
				</TextBlock>
				<ComposedBlock ID="P5_CB00001" HPOS="156" VPOS="141" WIDTH="476" HEIGHT="275" STYLEREFS="TXT_0 PAR_LEFT" TYPE="Illustration">
					<GraphicalElement ID="P5_CB00001_SUB" HPOS="156" VPOS="141" WIDTH="476" HEIGHT="275"/>
				</ComposedBlock>
				<ComposedBlock ID="P5_CB00002" HPOS="665" VPOS="445" WIDTH="1222" HEIGHT="1814" STYLEREFS="TXT_0 PAR_LEFT" TYPE="Illustration">
					<Shape>
						<Polygon POINTS="1375,2259 1149,2259 1149,1985 665,1985 665,514 802,514 802,480 955,480 955,445 1560,447 1560,478 1689,478 1689,977 1887,977 1887,1967 1319,1967 1319,2117 1375,2117"/>
					</Shape>
					<GraphicalElement ID="P5_CB00002_SUB" HPOS="665" VPOS="445" WIDTH="1222" HEIGHT="1814"/>
				</ComposedBlock>
				<ComposedBlock ID="P5_CB00003" HPOS="1173" VPOS="2696" WIDTH="992" HEIGHT="706" STYLEREFS="TXT_0 PAR_LEFT" TYPE="Illustration">
					<GraphicalElement ID="P5_CB00003_SUB" HPOS="1173" VPOS="2696" WIDTH="992" HEIGHT="706"/>
				</ComposedBlock>
			</PrintSpace>
		</Page>
	</Layout>
</alto>
