2935 4328
738 466 71 22 where
814 466 48 28 they
867 466 102 22 screened
973 466 35 22 the
1014 466 45 22 film

738 508 17 22 is
942 508 87 29 starring
1046 508 67 29 Elijah
1130 508 76 24 Wood,

736 550 41 21 and
786 549 75 22 served
869 549 79 22 Jewish
958 549 57 22 food.

777 592 46 22 The
861 591 46 22 film
944 595 147 19 concentrates
1127 598 29 16 on
1194 598 12 16 a

736 633 68 22 man's
821 637 60 25 quest
898 637 22 18 to
936 633 100 22 discover
1051 633 33 22 his
1101 633 105 22 relative's

736 676 147 22 whereabouts
908 676 76 27 during
1010 676 71 22 World
1108 676 48 22 War
1181 676 23 22 11.

735 717 106 22 Turmclle
847 717 112 22 described
966 717 34 22 the
1008 717 46 22 lilm
1061 725 24 14 as
1163 718 42 21 and

735 759 74 29 heavy,
817 759 37 22 but

777 801 94 22 Political
902 802 85 22 science
1018 802 76 23 senior,
1124 802 81 28 Sophie

734 843 103 25 Schaffer,
861 843 117 22 celebrates
1002 843 79 22 Jewish
1107 843 98 29 holidays

734 886 53 22 such
818 892 23 16 as
872 886 54 22 Yom
959 886 83 28 Kippur
1072 886 41 22 and
1145 886 59 22 Rosh

735 928 122 24 Hashanah,
868 928 70 22 which
948 935 34 15 are
992 928 77 28 during
1080 928 126 29 September

734 970 42 21 and
783 969 99 22 October.

848 1012 54 22 have
912 1016 22 18 to
945 1012 63 22 make
1019 1012 13 22 it
1043 1018 26 16 an
1080 1012 124 28 obligation,

1251 383 42 22 and
1302 383 44 22 I've
1355 383 53 22 been
1417 383 88 28 making
1514 383 13 22 it
1534 390 42 15 one
1585 383 33 22 for
1625 383 24 22 21
1660 389 61 23 years

1251 428 22 18 to
1285 432 30 21 go
1327 428 21 19 to
1361 425 78 29 temple
1452 425 42 22 and
1505 425 105 22 celebrate
1623 425 34 22 the
1671 425 50 29 high

1251 466 51 29 holy
1392 466 99 23 Schaffer
1498 467 52 22 said.

1323 508 98 23 Schaffer
1450 509 46 22 said
1527 509 42 22 that
1599 509 38 23 she
1668 509 53 23 feels

1250 550 141 22 comfortable
1425 557 23 15 as
1481 558 12 14 a
1525 550 80 23 Jewish
1638 552 83 21 student

1250 592 108 29 attending
1366 599 12 15 a
1385 592 67 23 Jesuit
1461 593 119 28 university.

1291 633 60 23 "I've
1358 641 65 15 never
1430 634 37 22 felt
1472 634 160 23 discriminated
1639 635 82 29 against

1250 677 29 23 (at
1409 676 99 22 Schaffer
1516 676 51 22 said.
1643 677 78 22 Jesuits

1250 725 65 15 never
1326 718 30 22 do
1367 718 72 24 either,
1451 719 82 28 they're
1546 725 50 22 very
1609 719 112 29 accepting

1249 759 26 22 of
1281 759 61 22 other
1350 759 101 29 religions
1460 760 41 22 and
1511 760 61 22 that's
1583 760 49 29 why
1643 761 6 21 I
1658 768 62 15 came

1290 844 69 22 Other
1378 844 94 22 students
1492 851 63 22 agree
1575 845 42 21 that
1638 845 83 29 Loyola

1249 886 38 22 has
1305 889 30 19 set
1352 892 13 16 a
1383 886 111 28 precedent
1513 886 34 22 for
1563 886 106 22 tolerance
1688 886 33 22 for

1248 928 61 22 other
1329 928 107 29 religions.
1456 929 73 21 Amna
1548 928 61 24 Aziz,
1631 928 88 29 biology

1249 969 71 22 senior
1329 970 41 21 and
1380 970 106 28 president
1495 969 27 23 of
1530 969 91 23 Muslim
1631 970 87 22 Student

1249 1012 144 23 Association,
1407 1012 46 22 said
1467 1012 42 22 that
1523 1012 83 28 Loyola
1621 1012 17 22 is
1651 1013 67 21 ahead

1765 383 26 22 of
1803 389 63 22 many
1879 383 61 22 other
1953 382 132 23 universities
2099 382 19 22 in
2133 386 64 18 terms
2210 382 25 22 of

1765 425 100 29 religious
1873 431 107 23 openness
1989 424 33 22 for
2029 424 61 22 other
2096 424 69 22 faiths.

1809 467 62 22 MSA
1883 466 92 29 recently
1989 466 101 22 screened
2103 473 12 15 a
2128 466 73 22 movie
2214 470 20 18 at

1765 510 79 22 Tulane
1853 509 121 29 University
1981 512 22 19 to
2010 509 103 22 advocate
2121 508 63 22 Islam
2192 508 41 22 and

1765 551 121 29 perception
1893 550 27 23 of
1924 551 107 22 Muslims.
2037 551 46 22 The
2091 550 52 25 film,

1766 593 70 22 Islam:
1848 593 63 22 What
1922 593 20 22 A
1953 593 78 22 Billion
2045 593 101 22 Muslims
2158 593 75 28 Really

1861 635 87 23 focuses
1954 642 29 15 on
1991 635 67 22 issues
2065 636 53 21 such
2124 642 24 15 as
2154 635 80 29 gender

1762 677 84 29 justice,
1854 677 106 22 terrorism
1969 677 41 22 and
2018 677 132 29 democracy.

1806 720 46 22 The
1880 719 94 29 six-year
2001 719 46 23 film
2074 725 87 23 process
2189 725 45 17 was

1764 761 120 22 conducted
1920 761 27 29 by
1983 761 86 29 Gallup,
2105 768 12 15 a
2152 761 82 30 polling

1764 803 152 28 organization,
1923 803 42 22 that
1974 803 136 22 interviewed
2117 803 117 22 thousands

1763 844 28 23 of
1804 845 77 29 people
1898 845 20 22 in
1936 845 27 22 25
1980 845 145 29 predominate
2143 845 90 22 Muslim

1764 886 89 25 nations,
1873 886 47 22 also
1940 886 108 29 including
2068 887 34 22 the
2122 887 49 22 U.S.
2191 887 42 21 and

1764 929 89 28 Europe.

1928 970 53 22 does
1996 974 56 18 cater
2065 974 22 18 to
2101 977 41 16 one
2157 970 26 22 of
2195 977 39 15 our

1763 1012 84 28 biggest
1862 1013 66 22 needs
1944 1013 51 22 with
2011 1013 35 22 the
2061 1019 75 22 prayer

2278 381 55 22 Aziz
2353 381 51 22 said.
2423 381 46 22 The
2490 386 74 22 prayer
2584 386 68 18 room,
2673 380 19 22 in
2713 380 34 22 the

2279 423 76 22 Danna
2361 423 80 22 Center
2448 423 116 23 basement,
2573 421 75 23 allows
2657 421 90 22 Muslim

2278 465 94 22 students
2381 471 12 15 a
2401 464 60 29 place
2469 469 23 17 to
2499 471 51 22 pray
2559 463 43 23 five
2610 463 63 23 times
2680 471 13 15 a
2700 463 47 29 day.

2414 506 132 23 universities
2559 506 61 22 don't
2634 506 113 29 recognize

2277 556 12 15 a
2310 549 92 23 Muslim
2422 549 82 22 student
2693 547 54 23 Aziz

2278 591 51 22 said.
2409 590 73 29 they'd
2499 597 38 22 say
2556 590 73 25 'Yeah,
2647 596 43 22 you
2707 596 40 17 can

2277 634 55 22 have
2346 640 13 16 a
2372 640 75 22 group,
2461 633 37 22 but
2511 633 61 22 don't
2587 639 37 16 use
2638 632 35 22 the
2687 632 60 22 word

2279 674 120 24 Muslim.'"

2321 717 53 23 Aziz
2382 717 46 23 said
2437 717 41 23 that
2487 717 37 23 she
2532 717 38 22 has
2579 717 41 22 had
2628 716 119 29 professors

2277 764 86 25 exempt
2381 760 37 22 her
2435 759 55 22 from
2507 759 80 22 classes
2604 762 22 18 to
2642 758 105 23 celebrate

2278 802 90 22 Muslim
2390 801 105 29 holidays,
2516 801 65 22 much
2603 800 41 22 like
2664 800 82 22 official

2278 844 115 28 university
2401 844 98 28 holidays
2508 844 42 22 that
2558 850 52 16 over
2617 843 124 22 Christmas.

2363 886 86 22 haven't
2471 886 41 21 had
2534 892 42 22 any
2598 885 104 22 incidents
2723 884 24 22 of

2277 927 167 22 discrimination
2463 927 50 22 with
2531 927 96 29 people's
2645 927 102 22 behavior

2277 970 93 22 towards
2439 970 37 22 she
2484 969 52 22 said.
2574 969 40 22 feel
2622 969 96 21 honored
2725 972 22 18 to

2277 1012 27 22 be
2311 1018 13 16 a
2332 1016 45 24 part
2383 1010 27 23 of

220 1511 58 15 wars
310 1504 20 22 in
363 1504 47 29 Iraq
442 1504 43 21 and

221 1542 94 22 Stuever
324 1541 82 23 writes.

262 1579 95 23 Stuever
374 1579 59 23 titles
451 1579 56 23 each
526 1579 92 29 chapter
636 1579 53 23 with

220 1618 36 22 the
267 1624 66 16 name
342 1618 27 22 of
376 1624 12 16 a
398 1617 149 23 well-known
556 1621 68 21 store,
633 1617 56 23 such

220 1662 24 16 as
263 1656 53 22 Best
335 1656 55 28 Buy,
407 1656 78 28 Target
503 1655 43 22 and
565 1655 123 22 Hallmark.

221 1693 59 23 Each
307 1693 93 29 chapter
427 1696 126 26 represents
580 1693 28 22 its
634 1692 56 26 title,

219 1731 71 22 either
298 1731 142 29 mentioning
449 1731 36 22 the
493 1734 60 19 store
561 1737 26 16 or
594 1738 13 15 a
614 1731 76 22 theme

220 1769 150 28 surrounding
388 1769 37 22 the
444 1768 70 22 word.
532 1768 48 22 The
598 1769 93 28 chapter

219 1806 63 23 titled
523 1806 19 22 is
557 1813 13 15 a
584 1806 66 29 study
665 1806 26 22 of

219 1845 81 28 people
311 1849 21 18 at
342 1845 36 22 the
389 1845 60 22 mall.

417 1882 19 23 is
464 1882 60 22 done
552 1889 29 15 on
611 1889 25 15 us
665 1889 25 15 as

217 1927 142 17 consumers,
371 1924 38 18 not
534 1920 97 22 Stuever
640 1920 49 22 said

219 1958 21 22 in
255 1965 27 15 an
299 1958 120 22 interview.
435 1957 88 23 "We're
538 1965 27 15 so
578 1957 72 23 afraid
664 1957 27 23 of

218 1996 79 28 giving
306 2003 110 15 someone
425 1995 129 29 something
564 1995 50 29 they
624 1995 64 22 don't

263 2071 22 22 In
308 2071 113 29 exposing
443 2071 37 22 the
502 2071 81 28 depths
605 2071 28 22 of
653 2071 37 22 the

220 2110 127 22 Christmas
381 2109 105 28 holidays
521 2109 21 22 in
576 2109 114 22 suburban

224 2147 113 24 America,
372 2147 96 22 Stuever
502 2146 118 23 discovers
655 2146 36 22 the

223 2184 97 22 delicate
338 2184 94 22 balance
450 2183 28 22 of
493 2184 37 21 the
548 2190 82 15 season
648 2183 43 22 and

220 2226 125 23 represents
354 2221 35 22 [he
396 2221 141 28 complexity
543 2220 29 22 of
576 2220 113 22 suburban

219 2259 46 22 life.

382 2296 20 23 in
425 2296 37 23 the
485 2297 96 22 suburbs
603 2303 36 16 are
663 2303 26 15 so

218 2335 87 29 hungry
334 2334 36 22 for
397 2341 43 23 any
469 2334 54 22 kind
551 2334 27 22 of
604 2334 84 22 human

392 2372 27 22 he
435 2372 55 23 said.
608 2372 80 29 Friday

218 2410 19 22 is
273 2417 13 15 a
321 2410 95 22 cultural
452 2410 135 29 experience
624 2410 64 25 (and)

217 2448 144 22 connection.
384 2448 63 28 They
471 2454 51 22 may
546 2452 38 17 not
607 2447 82 23 realize

218 2486 46 21 that
278 2486 52 29 they
343 2485 47 29 just
404 2489 60 18 want
477 2490 24 17 to
515 2485 28 22 be
558 2485 52 22 with
625 2485 65 22 other

261 2562 96 22 Stuever
377 2561 123 29 graduated
522 2561 59 22 from
602 2561 88 29 Loyola

220 2599 53 22 with
286 2606 13 15 a
311 2599 108 22 bachelor
429 2598 28 22 of
466 2601 44 20 arts
523 2599 21 22 in
554 2598 136 29 journalism

221 2637 21 22 in
263 2637 64 22 1990.
345 2637 34 22 He
395 2643 48 16 was
459 2643 12 15 a
487 2636 75 22 writer
576 2636 44 22 and
637 2636 54 22 later

220 2674 183 22 editor-in-chief
409 2674 27 22 of
443 2674 47 22 The
501 2674 105 24 Maroon,
616 2673 75 22 which

220 2712 96 22 aroused
327 2712 34 22 his
372 2712 91 22 interest
474 2711 21 23 in
505 2711 89 29 people.

295 2750 67 22 loved
372 2750 104 28 working
485 2753 21 19 at
514 2750 47 22 The

221 2789 95 22 Stuever
330 2788 55 22 said.
488 2788 63 21 since
567 2787 88 29 writing
670 2791 21 18 at

219 2826 48 22 The
283 2827 105 23 Maroon,
403 2826 47 22 I've
465 2825 86 29 always
565 2825 89 22 wanted
669 2828 22 18 to

221 2864 62 22 write
294 2864 67 21 about

263 2902 95 21 Stuever
371 2901 49 22 said
433 2901 45 22 that
493 2901 27 22 he
534 2900 57 23 feels
605 2900 44 22 like
664 2907 27 15 an

220 2939 102 22 outsider
344 2938 27 23 of
393 2939 36 21 the
452 2938 121 22 American
598 2938 93 28 society,

220 2977 86 28 always
322 2976 113 28 watching
449 2976 44 23 and
507 2976 131 28 observing,
653 2976 38 22 but

221 3021 69 16 never
305 3015 157 28 participating
521 3021 25 15 as
559 3014 132 29 journalists

220 3053 63 22 often
290 3053 37 21 do.
336 3053 34 22 He
377 3052 49 22 said
432 3052 45 22 that
485 3052 61 22 there
554 3052 18 22 is
578 3059 13 15 a
597 3051 94 23 delinite

222 3091 56 21 need
312 3090 36 22 for
380 3090 151 22 well-written
565 3089 126 22 nonfiction

219 3128 143 28 journalism,
379 3128 43 22 and
440 3127 75 22 would
594 3127 57 22 back
669 3131 22 18 to

222 3165 78 22 school
311 3165 44 22 and
366 3165 60 22 learn
437 3165 14 22 it
515 3165 19 22 if
542 3165 28 22 he
579 3164 75 23 could.

304 3203 43 22 still
366 3203 57 22 have
441 3210 53 21 very
513 3203 70 22 literal
601 3203 90 22 dreams

221 3241 28 22 of
261 3247 36 17 me
313 3242 94 28 missing
421 3241 87 23 classes
523 3241 43 22 and
582 3241 109 28 finishing

221 3279 90 22 articles
321 3279 34 22 for
363 3279 47 22 The
550 3279 28 22 he
588 3278 55 22 said.

263 3317 95 22 Stuever
380 3317 87 22 alludes
490 3320 24 18 to
536 3316 36 22 the
595 3316 96 22 Charles

221 3355 110 22 Dickens'
371 3354 77 25 novel,
564 3354 127 22 Christmas

315 3392 22 22 in
349 3392 35 22 his
397 3392 60 22 book
470 3392 43 21 and
525 3391 117 22 discusses
653 3391 38 22 the

219 3429 144 30 expectation
373 3429 27 22 of
408 3429 123 29 happiness
542 3429 14 22 it
566 3433 53 18 sets.

340 3468 81 28 you're
466 3471 38 18 not
549 3468 75 28 happy
670 3470 21 19 at

219 3505 191 25 Christmastime,
444 3505 82 22 there's
560 3504 131 29 something

220 3543 69 29 really
300 3550 77 22 wrong
388 3543 53 22 with
529 3543 96 22 Stuever
633 3542 56 22 said.

261 3581 76 22 While
378 3580 89 29 writing
661 3580 28 22 he

218 3618 136 23 discovered
366 3618 36 23 the
413 3618 113 29 difficulty
538 3618 28 22 of
575 3618 113 22 suburban

220 3656 106 22 America
344 3656 22 22 in
383 3656 38 22 the
438 3656 96 22 delicate
552 3656 94 22 balance
663 3656 28 22 of

219 3694 87 28 putting
322 3701 31 15 on
370 3701 12 15 a
399 3694 85 28 perfect
501 3694 127 22 Christmas
644 3694 44 22 and

218 3732 37 22 the
266 3732 99 29 struggle
374 3732 28 22 of
410 3732 97 29 keeping
517 3732 15 22 it
543 3732 105 28 together.

292 3773 58 19 want
359 3770 44 22 this
410 3769 61 23 book
480 3773 24 18 to
511 3769 27 22 be
547 3776 28 15 an
582 3769 106 29 example

218 3807 36 23 for
268 3807 81 29 people
365 3814 64 22 years
444 3806 60 23 from
519 3814 51 15 now
586 3810 23 19 to
623 3807 64 22 show

218 3845 52 22 how
277 3845 52 29 they
337 3845 68 26 lived,
412 3844 53 23 with
473 3844 29 23 all
509 3845 37 22 the
553 3844 75 29 things
635 3844 52 29 they

217 3882 69 23 could
294 3883 45 28 buy
348 3883 44 22 and
488 3882 95 23 Stuever
591 3882 56 22 said.

217 3921 60 28 pulls
292 3921 57 22 back
364 3921 37 22 the
415 3920 86 23 curtain
515 3927 31 16 on
560 3921 127 22 Christmas

217 3959 44 22 and
282 3958 178 29 acknowledges
482 3958 102 29 people's
606 3958 80 22 hearts.

217 3997 38 23 It's
265 3997 79 22 tender
352 4000 24 18 to
385 3996 82 29 people
478 3995 70 30 living
559 3995 127 30 seemingly

216 4034 96 23 shallow

264 4108 77 26 Ashley
350 4108 87 20 Stevens
445 4113 38 14 can
492 4107 24 19 be
526 4107 84 20 reached
619 4110 19 17 at

326 4141 249 24 amsteven@loyno.edu.

368 883 33 31 by
415 882 76 26 Hank
505 882 119 26 Stuever

1374 141 45 22 the
1433 135 152 30 Maroon

218 178 119 25 12

2305 176 116 29 FRIDAY,
2435 176 174 26 DECEMBER
2620 176 28 29 11,
2661 176 82 26 2009

740 237 282 83 FAITH:
1047 237 642 83 Non-Catholic
1726 237 376 83 students
2145 237 152 83 feel
2334 237 397 83 welcome

818 382 139 28 Continued
967 382 64 27 from
1040 389 66 26 page
1115 383 17 26 5

261 967 391 82 STUEVER:

303 1084 307 72 Former

330 1189 251 77 editor

239 1301 434 71 reminisces

300 1419 138 28 Continued
449 1419 63 28 from
521 1425 66 26 page
598 1419 16 28 5

1644 1375 3 73 .
1725 1375 3 73 ,
1897 1375 14 61 I
2642 1380 85 68 ll

1746 1477 51 54 g
1878 1459 29 49 |i
2166 1459 15 38 I
2228 1459 115 62 DjfiP

1685 2017 30 18 b
1759 2030 19 8 ...

799 2983 205 48 Prestigous
1017 2982 146 37 Garden
1180 2982 152 36 District
1347 2982 174 36 Location
1567 2982 84 36 Lees
1664 2980 88 37 than
1767 2982 22 37 5
1805 2981 101 36 mile#
1921 2980 94 38 from
2030 2982 61 36 the
2103 2982 149 37 Central
2267 2982 182 43 Business,
2462 2982 236 43 Warehouse,

759 3051 158 38 Medical
932 3051 73 37 and
1021 3053 206 47 University
1240 3051 184 42 Districts,
1437 3050 63 37 the
1512 3049 138 38 French
1664 3051 159 47 Quarter
1835 3050 73 37 and
1920 3051 186 37 Audubon
2121 3051 93 38 Park
2259 3052 119 37 Gated
2391 3054 244 47 Community
2646 3052 89 37 with

860 3121 388 39 Remote-Controlled
1257 3124 130 35 AcceM
1432 3121 86 38 Free
1529 3121 157 38 On-Site
1697 3122 142 49 Garage
1853 3121 156 51 Parking
2051 3123 157 37 Custom
2223 3124 173 36 Interiors
2409 3124 230 49 Containing

1278 3192 144 37 Roman
1435 3189 165 52 Soaking
1609 3190 115 45 Tubs,
1735 3190 125 52 Triple
1871 3192 137 38 Crown
2021 3192 185 50 Molding,

1178 3259 171 40 Walk-In
1362 3259 145 39 Closets
1549 3260 112 51 Huge
1670 3261 217 51 Swimming
1897 3261 92 40 Pool
2000 3261 91 40 with
2102 3263 78 50 Lap
2192 3263 111 44 Lane,

1006 3330 199 39 Oversized
1215 3330 174 50 Sunning
1399 3329 118 45 Deck,
1528 3328 77 41 and
1613 3330 120 39 Wi-Fi
1745 3330 151 40 Cabana
1941 3336 159 38 On-Site
2111 3337 109 48 PJ/
2232 3337 134 39 Coffee
2378 3337 104 49 Shop

1156 3400 179 39 Training
1346 3400 137 39 Center
1493 3398 198 41 Comolete
1698 3399 92 40 with
1800 3400 581 39 Strenatk.Catdio.ScMi^iM.

1998 3425 16 15 1
2015 3425 37 15 -*
2053 3425 84 15 nuu
2159 3425 57 16 ***
2341 3441 34 29 *r

833 3486 23 23 Jr
863 3486 253 25 UfI*Mp.'WMHPWPOV#
1127 3486 232 25 JBRHMBMUrVfIMpv#
1367 3486 85 25 4IHNv-
1453 3486 1 25 :
1454 3486 102 25 }Hrtflp
1564 3486 228 25 ppBVPiiBVRHIVpv
1796 3486 2 25 :
1798 3486 296 25 wfIMiSIHvHfIH^K^RHfIB

813 3529 7 9 C
822 3519 10 15 J
880 3516 22 25 -\'f
969 3525 5 7 *
982 3526 40 13 \_a'-
1049 3517 54 21 y.':^TS-
1103 3516 22 25 i
1170 3520 26 19 .'.-.r"
1196 3520 5 9 7
1202 3520 7 14 ''-
1376 3518 25 22 -'rvj!
1415 3523 7 5 *
1509 3522 16 15 Vv
1532 3516 3 25 .
1795 3523 18 5 '"
1824 3529 12 9 D
1906 3522 8 8 '
1956 3516 2 25 ~
1959 3520 8 16 n'
1967 3516 3 25 :
1970 3516 1 25 '
1973 3521 50 20 Y-itii
2036 3516 72 24 -^V'-ikM
2108 3516 3 25 1
2230 3524 7 5 v
2240 3516 77 18 i'V'-^^'L^
2629 3517 31 21 ;.'
2668 3516 1 25 -
2673 3516 75 25 *vjKlffi.*'-

742 3628 512 116 wKmBBtE
1271 3662 12 68 i
1296 3628 1455 116 VHiHiHiKMMHMIMIP^I
