<?xml version="1.0" encoding="UTF-8"?>
<alto xmlns:xsi="http://www.w3.org/2001/XMLSchema-instance" xsi:noNamespaceSchemaLocation="http://schema.ccs-gmbh.com/metae/alto-1-2.xsd" xmlns:xlink="http://www.w3.org/TR/xlink">
	<Description>
		<MeasurementUnit>mm10</MeasurementUnit>
		<sourceImageInformation>
			<fileName>//docstorage2/impdata3/IN/Loyola_10-018/Maroon_2009_2012/0102.tif</fileName>
		</sourceImageInformation>
		<OCRProcessing ID="OCRPROCESSING_1">
			<preProcessingStep>
				<processingSoftware>
					<softwareCreator>CCS Content Conversion Specialists GmbH, Germany</softwareCreator>
					<softwareName>CCS docWORKS</softwareName>
					<softwareVersion>6.5-1.31</softwareVersion>
				</processingSoftware>
			</preProcessingStep>
			<ocrProcessingStep>
				<processingSoftware>
					<softwareCreator>ABBYY (BIT Software), Russia</softwareCreator>
					<softwareName>FineReader</softwareName>
					<softwareVersion>10.0</softwareVersion>
				</processingSoftware>
			</ocrProcessingStep>
		</OCRProcessing>
		<OCRProcessing ID="OCRPROCESSING_2">
			<preProcessingStep>
				<processingSoftware>
					<softwareCreator>CCS Content Conversion Specialists GmbH, Germany</softwareCreator>
					<softwareName>CCS docWORKS</softwareName>
					<softwareVersion>6.5-1.31</softwareVersion>
				</processingSoftware>
			</preProcessingStep>
			<ocrProcessingStep>
				<processingSoftware>
					<softwareCreator>ABBYY (BIT Software), Russia</softwareCreator>
					<softwareName>NA</softwareName>
				</processingSoftware>
			</ocrProcessingStep>
		</OCRProcessing>
	</Description>
	<Styles>
		<TextStyle ID="TXT_0" FONTSIZE="10" FONTFAMILY="Times New Roman"/>
		<ParagraphStyle ID="PAR_LEFT" ALIGN="Left"/>
		<ParagraphStyle ID="PAR_BLOCK" ALIGN="Block"/>
		<ParagraphStyle ID="PAR_RIGHT" ALIGN="Right"/>
	</Styles>
	<Layout>
		<Page ID="P8" PHYSICAL_IMG_NR="8" HEIGHT="4310" WIDTH="2903" PRINTED_IMG_NR="8" PC="0.960">
			<TopMargin ID="P8_TM00001" HPOS="0" VPOS="0" WIDTH="2903" HEIGHT="146"/>
			<LeftMargin ID="P8_LM00001" HPOS="0" VPOS="146" WIDTH="195" HEIGHT="3992"/>
			<RightMargin ID="P8_RM00001" HPOS="2731" VPOS="146" WIDTH="172" HEIGHT="3992"/>
			<BottomMargin ID="P8_BM00001" HPOS="0" VPOS="4138" WIDTH="2903" HEIGHT="172"/>
			<PrintSpace ID="P8_PS00001" HPOS="195" VPOS="146" WIDTH="2536" HEIGHT="3992">
				<TextBlock ID="P8_TB00001" HPOS="723" VPOS="167" WIDTH="1175" HEIGHT="162" STYLEREFS="TXT_0 PAR_LEFT">
					<TextLine ID="P8_TL00001" HPOS="724" VPOS="168" WIDTH="1174" HEIGHT="161">
						<String ID="P8_ST00001" HPOS="724" VPOS="168" WIDTH="1174" HEIGHT="161" CONTENT="SPORTS" WC="1.00" CC="000220"/>
					</TextLine>
				</TextBlock>
				<TextBlock ID="P8_TB00002" HPOS="207" VPOS="541" WIDTH="464" HEIGHT="326" STYLEREFS="TXT_0 PAR_LEFT">
					<TextLine ID="P8_TL00002" HPOS="209" VPOS="549" WIDTH="461" HEIGHT="76">
						<String ID="P8_ST00002" HPOS="209" VPOS="549" WIDTH="461" HEIGHT="76" CONTENT="Cheerleaders" WC="1.00" CC="440035005000"/>
					</TextLine>
					<TextLine ID="P8_TL00003" HPOS="207" VPOS="670" WIDTH="464" HEIGHT="99">
						<String ID="P8_ST00003" HPOS="207" VPOS="670" WIDTH="139" HEIGHT="75" CONTENT="lack" WC="0.99" CC="0002"/>
						<SP ID="P8_SP00001" HPOS="346" VPOS="745" WIDTH="56"/>
						<String ID="P8_ST00004" HPOS="402" VPOS="694" WIDTH="269" HEIGHT="75" CONTENT="support" WC="0.99" CC="0532040"/>
					</TextLine>
					<TextLine ID="P8_TL00004" HPOS="207" VPOS="792" WIDTH="464" HEIGHT="75">
						<String ID="P8_ST00005" HPOS="207" VPOS="794" WIDTH="171" HEIGHT="73" CONTENT="from" WC="0.98" CC="6400"/>
						<SP ID="P8_SP00002" HPOS="378" VPOS="867" WIDTH="19"/>
						<String ID="P8_ST00006" HPOS="397" VPOS="792" WIDTH="274" HEIGHT="75" CONTENT="athletics" WC="0.99" CC="025120301"/>
					</TextLine>
				</TextBlock>
				<TextBlock ID="P8_TB00003" HPOS="209" VPOS="452" WIDTH="458" HEIGHT="80" STYLEREFS="TXT_0 PAR_LEFT">
					<TextLine ID="P8_TL00005" HPOS="209" VPOS="452" WIDTH="458" HEIGHT="32">
						<String ID="P8_ST00007" HPOS="209" VPOS="453" WIDTH="208" HEIGHT="31" CONTENT="EDUARDO" WC="1.00" CC="0000000"/>
						<SP ID="P8_SP00003" HPOS="417" VPOS="484" WIDTH="18"/>
						<String ID="P8_ST00008" HPOS="435" VPOS="452" WIDTH="232" HEIGHT="31" CONTENT="GONZALEZ" WC="1.00" CC="00000100"/>
					</TextLine>
					<TextLine ID="P8_TL00006" HPOS="323" VPOS="501" WIDTH="232" HEIGHT="31">
						<String ID="P8_ST00009" HPOS="323" VPOS="501" WIDTH="90" HEIGHT="25" CONTENT="Fourth" WC="1.00" CC="020000"/>
						<SP ID="P8_SP00004" HPOS="413" VPOS="526" WIDTH="11"/>
						<String ID="P8_ST00010" HPOS="424" VPOS="501" WIDTH="48" HEIGHT="25" CONTENT="and" WC="0.98" CC="105"/>
						<SP ID="P8_SP00005" HPOS="472" VPOS="526" WIDTH="12"/>
						<String ID="P8_ST00011" HPOS="484" VPOS="501" WIDTH="71" HEIGHT="31" CONTENT="Long" WC="0.97" CC="3504"/>
					</TextLine>
				</TextBlock>
				<TextBlock ID="P8_TB00004" HPOS="195" VPOS="907" WIDTH="476" HEIGHT="3231" STYLEREFS="TXT_0 PAR_BLOCK">
					<TextLine ID="P8_TL00007" HPOS="245" VPOS="907" WIDTH="426" HEIGHT="28">
						<String ID="P8_ST00012" HPOS="245" VPOS="908" WIDTH="38" HEIGHT="25" CONTENT="So," WC="0.99" CC="001"/>
						<SP ID="P8_SP00006" HPOS="283" VPOS="933" WIDTH="28"/>
						<String ID="P8_ST00013" HPOS="311" VPOS="913" WIDTH="34" HEIGHT="17" CONTENT="we" WC="0.84" CC="30"/>
						<SP ID="P8_SP00007" HPOS="345" VPOS="933" WIDTH="27"/>
						<String ID="P8_ST00014" HPOS="372" VPOS="907" WIDTH="28" HEIGHT="23" CONTENT="all" WC="0.98" CC="500"/>
						<SP ID="P8_SP00008" HPOS="400" VPOS="933" WIDTH="28"/>
						<String ID="P8_ST00015" HPOS="428" VPOS="907" WIDTH="66" HEIGHT="22" CONTENT="know" WC="0.97" CC="2440"/>
						<SP ID="P8_SP00009" HPOS="494" VPOS="933" WIDTH="28"/>
						<String ID="P8_ST00016" HPOS="522" VPOS="907" WIDTH="35" HEIGHT="22" CONTENT="the" WC="0.98" CC="402"/>
						<SP ID="P8_SP00010" HPOS="557" VPOS="933" WIDTH="28"/>
						<String ID="P8_ST00017" HPOS="585" VPOS="907" WIDTH="86" HEIGHT="28" CONTENT="Loyola" WC="0.99" CC="060020"/>
					</TextLine>
					<TextLine ID="P8_TL00008" HPOS="202" VPOS="944" WIDTH="469" HEIGHT="29">
						<String ID="P8_ST00018" HPOS="202" VPOS="945" WIDTH="159" HEIGHT="23" CONTENT="Cheerleaders" WC="1.00" CC="070300000008"/>
						<SP ID="P8_SP00011" HPOS="361" VPOS="968" WIDTH="40"/>
						<String ID="P8_ST00019" HPOS="401" VPOS="944" WIDTH="71" HEIGHT="23" CONTENT="aren't" WC="0.99" CC="000035"/>
						<SP ID="P8_SP00012" HPOS="472" VPOS="968" WIDTH="40"/>
						<String ID="P8_ST00020" HPOS="512" VPOS="944" WIDTH="96" HEIGHT="29" CONTENT="heading" WC="1.00" CC="0000000"/>
						<SP ID="P8_SP00013" HPOS="608" VPOS="973" WIDTH="41"/>
						<String ID="P8_ST00021" HPOS="649" VPOS="948" WIDTH="22" HEIGHT="19" CONTENT="to" WC="0.63" CC="15"/>
					</TextLine>
					<TextLine ID="P8_TL00009" HPOS="203" VPOS="982" WIDTH="468" HEIGHT="30">
						<String ID="P8_ST00022" HPOS="203" VPOS="983" WIDTH="85" HEIGHT="29" CONTENT="Disney" WC="1.00" CC="020000"/>
						<SP ID="P8_SP00014" HPOS="288" VPOS="1012" WIDTH="22"/>
						<String ID="P8_ST00023" HPOS="310" VPOS="983" WIDTH="74" HEIGHT="22" CONTENT="World" WC="0.99" CC="04000"/>
						<SP ID="P8_SP00015" HPOS="384" VPOS="1012" WIDTH="23"/>
						<String ID="P8_ST00024" HPOS="407" VPOS="982" WIDTH="21" HEIGHT="23" CONTENT="in" WC="1.00" CC="00"/>
						<SP ID="P8_SP00016" HPOS="428" VPOS="1012" WIDTH="24"/>
						<String ID="P8_ST00025" HPOS="452" VPOS="982" WIDTH="45" HEIGHT="22" CONTENT="mid" WC="0.98" CC="050"/>
						<SP ID="P8_SP00017" HPOS="497" VPOS="1012" WIDTH="22"/>
						<String ID="P8_ST00026" HPOS="519" VPOS="982" WIDTH="95" HEIGHT="29" CONTENT="January" WC="1.00" CC="5020000"/>
						<SP ID="P8_SP00018" HPOS="614" VPOS="1012" WIDTH="23"/>
						<String ID="P8_ST00027" HPOS="637" VPOS="982" WIDTH="34" HEIGHT="22" CONTENT="for" WC="0.98" CC="041"/>
					</TextLine>
					<TextLine ID="P8_TL00010" HPOS="203" VPOS="1020" WIDTH="468" HEIGHT="29">
						<String ID="P8_ST00028" HPOS="203" VPOS="1021" WIDTH="35" HEIGHT="22" CONTENT="the" WC="1.00" CC="000"/>
						<SP ID="P8_SP00019" HPOS="238" VPOS="1043" WIDTH="21"/>
						<String ID="P8_ST00029" HPOS="259" VPOS="1020" WIDTH="162" HEIGHT="29" CONTENT="Cheerleading" WC="0.98" CC="000000010000"/>
						<SP ID="P8_SP00020" HPOS="421" VPOS="1049" WIDTH="21"/>
						<String ID="P8_ST00030" HPOS="442" VPOS="1020" WIDTH="43" HEIGHT="22" CONTENT="and" WC="0.98" CC="040"/>
						<SP ID="P8_SP00021" HPOS="485" VPOS="1049" WIDTH="21"/>
						<String ID="P8_ST00031" HPOS="506" VPOS="1020" WIDTH="77" HEIGHT="22" CONTENT="Dance" WC="0.99" CC="00030"/>
						<SP ID="P8_SP00022" HPOS="583" VPOS="1049" WIDTH="21"/>
						<String ID="P8_ST00032" HPOS="604" VPOS="1020" WIDTH="67" HEIGHT="22" CONTENT="Team" WC="1.00" CC="0000"/>
					</TextLine>
					<TextLine ID="P8_TL00011" HPOS="203" VPOS="1057" WIDTH="468" HEIGHT="30">
						<String ID="P8_ST00033" HPOS="203" VPOS="1058" WIDTH="102" HEIGHT="23" CONTENT="National" WC="0.99" CC="00019203"/>
						<SP ID="P8_SP00023" HPOS="305" VPOS="1081" WIDTH="29"/>
						<String ID="P8_ST00034" HPOS="334" VPOS="1058" WIDTH="159" HEIGHT="29" CONTENT="Competition." WC="1.00" CC="000040000000"/>
						<SP ID="P8_SP00024" HPOS="493" VPOS="1087" WIDTH="31"/>
						<String ID="P8_ST00035" HPOS="524" VPOS="1057" WIDTH="66" HEIGHT="23" CONTENT="Since" WC="0.99" CC="00070"/>
						<SP ID="P8_SP00025" HPOS="590" VPOS="1087" WIDTH="30"/>
						<String ID="P8_ST00036" HPOS="620" VPOS="1058" WIDTH="51" HEIGHT="29" CONTENT="they" WC="1.00" CC="1000"/>
					</TextLine>
					<TextLine ID="P8_TL00012" HPOS="203" VPOS="1095" WIDTH="468" HEIGHT="29">
						<String ID="P8_ST00037" HPOS="203" VPOS="1096" WIDTH="68" HEIGHT="22" CONTENT="won't" WC="0.98" CC="05530"/>
						<SP ID="P8_SP00026" HPOS="271" VPOS="1118" WIDTH="11"/>
						<String ID="P8_ST00038" HPOS="282" VPOS="1096" WIDTH="26" HEIGHT="22" CONTENT="be" WC="0.91" CC="10"/>
						<SP ID="P8_SP00027" HPOS="308" VPOS="1118" WIDTH="11"/>
						<String ID="P8_ST00039" HPOS="319" VPOS="1096" WIDTH="82" HEIGHT="28" CONTENT="having" WC="1.00" CC="000000"/>
						<SP ID="P8_SP00028" HPOS="401" VPOS="1124" WIDTH="10"/>
						<String ID="P8_ST00040" HPOS="411" VPOS="1102" WIDTH="13" HEIGHT="16" CONTENT="a" WC="0.86" CC="1"/>
						<SP ID="P8_SP00029" HPOS="424" VPOS="1124" WIDTH="9"/>
						<String ID="P8_ST00041" HPOS="433" VPOS="1095" WIDTH="84" HEIGHT="23" CONTENT="chance" WC="0.99" CC="500020"/>
						<SP ID="P8_SP00030" HPOS="517" VPOS="1124" WIDTH="11"/>
						<String ID="P8_ST00042" HPOS="528" VPOS="1100" WIDTH="23" HEIGHT="18" CONTENT="to" WC="0.95" CC="00"/>
						<SP ID="P8_SP00031" HPOS="551" VPOS="1124" WIDTH="9"/>
						<String ID="P8_ST00043" HPOS="560" VPOS="1100" WIDTH="37" HEIGHT="24" CONTENT="get" WC="0.98" CC="500"/>
						<SP ID="P8_SP00032" HPOS="597" VPOS="1124" WIDTH="11"/>
						<String ID="P8_ST00044" HPOS="608" VPOS="1103" WIDTH="63" HEIGHT="16" CONTENT="some" WC="0.96" CC="0495"/>
					</TextLine>
					<TextLine ID="P8_TL00013" HPOS="202" VPOS="1134" WIDTH="469" HEIGHT="28">
						<String ID="P8_ST00045" HPOS="202" VPOS="1134" WIDTH="120" HEIGHT="23" CONTENT="hardware." WC="1.00" CC="000000701"/>
						<SP ID="P8_SP00033" HPOS="322" VPOS="1157" WIDTH="21"/>
						<String ID="P8_ST00046" HPOS="343" VPOS="1134" WIDTH="42" HEIGHT="22" CONTENT="I'm" WC="0.95" CC="346"/>
						<SP ID="P8_SP00034" HPOS="385" VPOS="1157" WIDTH="21"/>
						<String ID="P8_ST00047" HPOS="406" VPOS="1134" WIDTH="68" HEIGHT="28" CONTENT="going" WC="0.98" CC="90005"/>
						<SP ID="P8_SP00035" HPOS="474" VPOS="1162" WIDTH="21"/>
						<String ID="P8_ST00048" HPOS="495" VPOS="1138" WIDTH="23" HEIGHT="18" CONTENT="to" WC="1.00" CC="00"/>
						<SP ID="P8_SP00036" HPOS="518" VPOS="1162" WIDTH="20"/>
						<String ID="P8_ST00049" HPOS="538" VPOS="1134" WIDTH="51" HEIGHT="28" CONTENT="give" WC="1.00" CC="0000"/>
						<SP ID="P8_SP00037" HPOS="589" VPOS="1162" WIDTH="21"/>
						<String ID="P8_ST00050" HPOS="610" VPOS="1134" WIDTH="61" HEIGHT="22" CONTENT="them" WC="0.97" CC="3800"/>
					</TextLine>
					<TextLine ID="P8_TL00014" HPOS="202" VPOS="1171" WIDTH="229" HEIGHT="24">
						<String ID="P8_ST00051" HPOS="202" VPOS="1178" WIDTH="63" HEIGHT="17" CONTENT="some" WC="0.99" CC="0400"/>
						<SP ID="P8_SP00038" HPOS="265" VPOS="1195" WIDTH="9"/>
						<String ID="P8_ST00052" HPOS="274" VPOS="1171" WIDTH="157" HEIGHT="23" CONTENT='"wordware."' WC="0.92" CC="40400000000"/>
					</TextLine>
					<TextLine ID="P8_TL00015" HPOS="242" VPOS="1209" WIDTH="429" HEIGHT="30">
						<String ID="P8_ST00053" HPOS="242" VPOS="1210" WIDTH="63" HEIGHT="29" CONTENT="They" WC="1.00" CC="0000"/>
						<SP ID="P8_SP00039" HPOS="305" VPOS="1239" WIDTH="26"/>
						<String ID="P8_ST00054" HPOS="331" VPOS="1217" WIDTH="36" HEIGHT="15" CONTENT="are" WC="1.00" CC="000"/>
						<SP ID="P8_SP00040" HPOS="367" VPOS="1239" WIDTH="26"/>
						<String ID="P8_ST00055" HPOS="393" VPOS="1210" WIDTH="35" HEIGHT="22" CONTENT="the" WC="0.98" CC="005"/>
						<SP ID="P8_SP00041" HPOS="428" VPOS="1239" WIDTH="27"/>
						<String ID="P8_ST00056" HPOS="455" VPOS="1209" WIDTH="97" HEIGHT="23" CONTENT="winners" WC="0.99" CC="0501007"/>
						<SP ID="P8_SP00042" HPOS="552" VPOS="1239" WIDTH="25"/>
						<String ID="P8_ST00057" HPOS="577" VPOS="1209" WIDTH="27" HEIGHT="23" CONTENT="of" WC="0.82" CC="30"/>
						<SP ID="P8_SP00043" HPOS="604" VPOS="1239" WIDTH="23"/>
						<String ID="P8_ST00058" HPOS="627" VPOS="1209" WIDTH="44" HEIGHT="25" CONTENT="this" WC="0.97" CC="3009"/>
					</TextLine>
					<TextLine ID="P8_TL00016" HPOS="201" VPOS="1247" WIDTH="469" HEIGHT="30">
						<String ID="P8_ST00059" HPOS="201" VPOS="1248" WIDTH="81" HEIGHT="29" CONTENT="year's," WC="0.99" CC="0250300"/>
						<SP ID="P8_SP00044" HPOS="282" VPOS="1277" WIDTH="31"/>
						<String ID="P8_ST00060" HPOS="313" VPOS="1247" WIDTH="344" HEIGHT="29" CONTENT='"Doing-the-most-with-close' SUBS_TYPE="HypPart1" SUBS_CONTENT='"Doing-the-most-with-closeto-nothing"' WC="0.84" CC="00600000403790020100002600"/>
						<HYP HPOS="657" VPOS="1247" WIDTH="13" CONTENT="-"/>
					</TextLine>
					<TextLine ID="P8_TL00017" HPOS="201" VPOS="1285" WIDTH="469" HEIGHT="29">
						<String ID="P8_ST00061" HPOS="201" VPOS="1285" WIDTH="140" HEIGHT="29" CONTENT='to-nothing"' SUBS_TYPE="HypPart2" SUBS_CONTENT='"Doing-the-most-with-closeto-nothing"' WC="0.84" CC="23000005401"/>
						<SP ID="P8_SP00045" HPOS="341" VPOS="1314" WIDTH="12"/>
						<String ID="P8_ST00062" HPOS="353" VPOS="1285" WIDTH="80" HEIGHT="22" CONTENT="award." WC="1.00" CC="000000"/>
						<SP ID="P8_SP00046" HPOS="433" VPOS="1314" WIDTH="14"/>
						<String ID="P8_ST00063" HPOS="447" VPOS="1285" WIDTH="41" HEIGHT="22" CONTENT="But" WC="0.96" CC="602"/>
						<SP ID="P8_SP00047" HPOS="488" VPOS="1314" WIDTH="12"/>
						<String ID="P8_ST00064" HPOS="500" VPOS="1292" WIDTH="37" HEIGHT="17" CONTENT="no," WC="1.00" CC="000"/>
						<SP ID="P8_SP00048" HPOS="537" VPOS="1314" WIDTH="12"/>
						<String ID="P8_ST00065" HPOS="549" VPOS="1285" WIDTH="58" HEIGHT="24" CONTENT="wait," WC="0.98" CC="93040"/>
						<SP ID="P8_SP00049" HPOS="607" VPOS="1314" WIDTH="12"/>
						<String ID="P8_ST00066" HPOS="619" VPOS="1285" WIDTH="51" HEIGHT="29" CONTENT="they" WC="1.00" CC="2000"/>
					</TextLine>
					<TextLine ID="P8_TL00018" HPOS="201" VPOS="1322" WIDTH="470" HEIGHT="26">
						<String ID="P8_ST00067" HPOS="201" VPOS="1323" WIDTH="56" HEIGHT="22" CONTENT="have" WC="0.98" CC="5010"/>
						<SP ID="P8_SP00050" HPOS="257" VPOS="1345" WIDTH="11"/>
						<String ID="P8_ST00068" HPOS="268" VPOS="1330" WIDTH="12" HEIGHT="15" CONTENT="a" WC="1.00" CC="0"/>
						<SP ID="P8_SP00051" HPOS="280" VPOS="1345" WIDTH="9"/>
						<String ID="P8_ST00069" HPOS="289" VPOS="1323" WIDTH="78" HEIGHT="24" CONTENT="coach," WC="1.00" CC="000000"/>
						<SP ID="P8_SP00052" HPOS="367" VPOS="1347" WIDTH="11"/>
						<String ID="P8_ST00070" HPOS="378" VPOS="1322" WIDTH="109" HEIGHT="23" CONTENT="uniforms" WC="1.00" CC="04004000"/>
						<SP ID="P8_SP00053" HPOS="487" VPOS="1347" WIDTH="10"/>
						<String ID="P8_ST00071" HPOS="497" VPOS="1323" WIDTH="43" HEIGHT="22" CONTENT="and" WC="0.99" CC="030"/>
						<SP ID="P8_SP00054" HPOS="540" VPOS="1347" WIDTH="9"/>
						<String ID="P8_ST00072" HPOS="549" VPOS="1322" WIDTH="28" HEIGHT="22" CONTENT="of" WC="0.73" CC="50"/>
						<SP ID="P8_SP00055" HPOS="577" VPOS="1347" WIDTH="6"/>
						<String ID="P8_ST00073" HPOS="583" VPOS="1329" WIDTH="88" HEIGHT="19" CONTENT="course," WC="1.00" CC="0100000"/>
					</TextLine>
					<TextLine ID="P8_TL00019" HPOS="201" VPOS="1361" WIDTH="470" HEIGHT="29">
						<String ID="P8_ST00074" HPOS="201" VPOS="1367" WIDTH="138" HEIGHT="23" CONTENT="pom-poms," WC="0.99" CC="079005800"/>
						<SP ID="P8_SP00056" HPOS="339" VPOS="1390" WIDTH="24"/>
						<String ID="P8_ST00075" HPOS="363" VPOS="1368" WIDTH="26" HEIGHT="15" CONTENT="so" WC="0.92" CC="01"/>
						<SP ID="P8_SP00057" HPOS="389" VPOS="1390" WIDTH="23"/>
						<String ID="P8_ST00076" HPOS="412" VPOS="1361" WIDTH="59" HEIGHT="22" CONTENT="what" WC="1.00" CC="0000"/>
						<SP ID="P8_SP00058" HPOS="471" VPOS="1390" WIDTH="23"/>
						<String ID="P8_ST00077" HPOS="494" VPOS="1367" WIDTH="36" HEIGHT="16" CONTENT="am" WC="1.00" CC="00"/>
						<SP ID="P8_SP00059" HPOS="530" VPOS="1390" WIDTH="25"/>
						<String ID="P8_ST00078" HPOS="555" VPOS="1361" WIDTH="7" HEIGHT="22" CONTENT="I" WC="0.30" CC="6"/>
						<SP ID="P8_SP00060" HPOS="562" VPOS="1390" WIDTH="25"/>
						<String ID="P8_ST00079" HPOS="587" VPOS="1361" WIDTH="84" HEIGHT="28" CONTENT="talking" WC="1.00" CC="0000110"/>
					</TextLine>
					<TextLine ID="P8_TL00020" HPOS="201" VPOS="1399" WIDTH="470" HEIGHT="28">
						<String ID="P8_ST00080" HPOS="201" VPOS="1399" WIDTH="81" HEIGHT="22" CONTENT="about?" WC="0.98" CC="089007"/>
						<SP ID="P8_SP00061" HPOS="282" VPOS="1421" WIDTH="11"/>
						<String ID="P8_ST00081" HPOS="293" VPOS="1399" WIDTH="67" HEIGHT="23" CONTENT="Yeah," WC="0.99" CC="00050"/>
						<SP ID="P8_SP00062" HPOS="360" VPOS="1422" WIDTH="12"/>
						<String ID="P8_ST00082" HPOS="372" VPOS="1399" WIDTH="50" HEIGHT="28" CONTENT="they" WC="1.00" CC="0000"/>
						<SP ID="P8_SP00063" HPOS="422" VPOS="1427" WIDTH="13"/>
						<String ID="P8_ST00083" HPOS="435" VPOS="1399" WIDTH="55" HEIGHT="22" CONTENT="have" WC="1.00" CC="0000"/>
						<SP ID="P8_SP00064" HPOS="490" VPOS="1427" WIDTH="12"/>
						<String ID="P8_ST00084" HPOS="502" VPOS="1399" WIDTH="45" HEIGHT="22" CONTENT="that" WC="0.99" CC="3001"/>
						<SP ID="P8_SP00065" HPOS="547" VPOS="1427" WIDTH="12"/>
						<String ID="P8_ST00085" HPOS="559" VPOS="1399" WIDTH="42" HEIGHT="22" CONTENT="this" WC="0.98" CC="3300"/>
						<SP ID="P8_SP00066" HPOS="601" VPOS="1427" WIDTH="12"/>
						<String ID="P8_ST00086" HPOS="613" VPOS="1405" WIDTH="58" HEIGHT="22" CONTENT="year," WC="1.00" CC="00000"/>
					</TextLine>
					<TextLine ID="P8_TL00021" HPOS="201" VPOS="1437" WIDTH="470" HEIGHT="28">
						<String ID="P8_ST00087" HPOS="201" VPOS="1437" WIDTH="65" HEIGHT="22" CONTENT="when" WC="0.97" CC="9400"/>
						<SP ID="P8_SP00067" HPOS="266" VPOS="1459" WIDTH="9"/>
						<String ID="P8_ST00088" HPOS="275" VPOS="1437" WIDTH="50" HEIGHT="28" CONTENT="they" WC="0.99" CC="1100"/>
						<SP ID="P8_SP00068" HPOS="325" VPOS="1465" WIDTH="10"/>
						<String ID="P8_ST00089" HPOS="335" VPOS="1437" WIDTH="43" HEIGHT="22" CONTENT="had" WC="1.00" CC="000"/>
						<SP ID="P8_SP00069" HPOS="378" VPOS="1465" WIDTH="8"/>
						<String ID="P8_ST00090" HPOS="386" VPOS="1441" WIDTH="23" HEIGHT="18" CONTENT="to" WC="1.00" CC="00"/>
						<SP ID="P8_SP00070" HPOS="409" VPOS="1465" WIDTH="8"/>
						<String ID="P8_ST00091" HPOS="417" VPOS="1437" WIDTH="44" HEIGHT="28" CONTENT="buy" WC="0.96" CC="630"/>
						<SP ID="P8_SP00071" HPOS="461" VPOS="1465" WIDTH="9"/>
						<String ID="P8_ST00092" HPOS="470" VPOS="1437" WIDTH="62" HEIGHT="22" CONTENT="these" WC="0.98" CC="02604"/>
						<SP ID="P8_SP00072" HPOS="532" VPOS="1465" WIDTH="9"/>
						<String ID="P8_ST00093" HPOS="541" VPOS="1437" WIDTH="130" HEIGHT="22" CONTENT="necessities" WC="0.99" CC="25203001500"/>
					</TextLine>
					<TextLine ID="P8_TL00022" HPOS="201" VPOS="1474" WIDTH="470" HEIGHT="30">
						<String ID="P8_ST00094" HPOS="201" VPOS="1475" WIDTH="41" HEIGHT="22" CONTENT="last" WC="0.97" CC="0085"/>
						<SP ID="P8_SP00073" HPOS="242" VPOS="1497" WIDTH="26"/>
						<String ID="P8_ST00095" HPOS="268" VPOS="1482" WIDTH="52" HEIGHT="22" CONTENT="year" WC="1.00" CC="0000"/>
						<SP ID="P8_SP00074" HPOS="320" VPOS="1504" WIDTH="25"/>
						<String ID="P8_ST00096" HPOS="345" VPOS="1474" WIDTH="52" HEIGHT="23" CONTENT="with" WC="1.00" CC="0020"/>
						<SP ID="P8_SP00075" HPOS="397" VPOS="1504" WIDTH="27"/>
						<String ID="P8_ST00097" HPOS="424" VPOS="1474" WIDTH="55" HEIGHT="23" CONTENT="their" WC="0.99" CC="05000"/>
						<SP ID="P8_SP00076" HPOS="479" VPOS="1504" WIDTH="25"/>
						<String ID="P8_ST00098" HPOS="504" VPOS="1481" WIDTH="52" HEIGHT="15" CONTENT="own" WC="0.99" CC="100"/>
						<SP ID="P8_SP00077" HPOS="556" VPOS="1504" WIDTH="26"/>
						<String ID="P8_ST00099" HPOS="582" VPOS="1481" WIDTH="89" HEIGHT="23" CONTENT="money," WC="0.99" CC="050003"/>
					</TextLine>
					<TextLine ID="P8_TL00023" HPOS="201" VPOS="1512" WIDTH="469" HEIGHT="29">
						<String ID="P8_ST00100" HPOS="201" VPOS="1513" WIDTH="95" HEIGHT="22" CONTENT="because" WC="0.98" CC="4774000"/>
						<SP ID="P8_SP00078" HPOS="296" VPOS="1535" WIDTH="16"/>
						<String ID="P8_ST00101" HPOS="312" VPOS="1512" WIDTH="60" HEIGHT="23" CONTENT="there" WC="0.99" CC="50001"/>
						<SP ID="P8_SP00079" HPOS="372" VPOS="1535" WIDTH="16"/>
						<String ID="P8_ST00102" HPOS="388" VPOS="1512" WIDTH="78" HEIGHT="22" CONTENT="wasn't" WC="0.99" CC="007000"/>
						<SP ID="P8_SP00080" HPOS="466" VPOS="1535" WIDTH="16"/>
						<String ID="P8_ST00103" HPOS="482" VPOS="1512" WIDTH="89" HEIGHT="29" CONTENT="enough" WC="0.99" CC="000070"/>
						<SP ID="P8_SP00081" HPOS="571" VPOS="1541" WIDTH="17"/>
						<String ID="P8_ST00104" HPOS="588" VPOS="1519" WIDTH="82" HEIGHT="22" CONTENT="money" WC="1.00" CC="00000"/>
					</TextLine>
					<TextLine ID="P8_TL00024" HPOS="203" VPOS="1550" WIDTH="467" HEIGHT="29">
						<String ID="P8_ST00105" HPOS="203" VPOS="1551" WIDTH="20" HEIGHT="21" CONTENT="in" WC="0.56" CC="44"/>
						<SP ID="P8_SP00082" HPOS="223" VPOS="1572" WIDTH="10"/>
						<String ID="P8_ST00106" HPOS="233" VPOS="1551" WIDTH="35" HEIGHT="21" CONTENT="the" WC="0.99" CC="300"/>
						<SP ID="P8_SP00083" HPOS="268" VPOS="1572" WIDTH="11"/>
						<String ID="P8_ST00107" HPOS="279" VPOS="1550" WIDTH="100" HEIGHT="22" CONTENT="athletics" WC="1.00" CC="500000070"/>
						<SP ID="P8_SP00084" HPOS="379" VPOS="1572" WIDTH="10"/>
						<String ID="P8_ST00108" HPOS="389" VPOS="1550" WIDTH="88" HEIGHT="28" CONTENT="budget." WC="0.99" CC="5009010"/>
						<SP ID="P8_SP00085" HPOS="477" VPOS="1578" WIDTH="11"/>
						<String ID="P8_ST00109" HPOS="488" VPOS="1550" WIDTH="54" HEIGHT="22" CONTENT="This" WC="1.00" CC="0000"/>
						<SP ID="P8_SP00086" HPOS="542" VPOS="1578" WIDTH="9"/>
						<String ID="P8_ST00110" HPOS="551" VPOS="1557" WIDTH="58" HEIGHT="22" CONTENT="year," WC="0.98" CC="00905"/>
						<SP ID="P8_SP00087" HPOS="609" VPOS="1579" WIDTH="10"/>
						<String ID="P8_ST00111" HPOS="619" VPOS="1550" WIDTH="51" HEIGHT="28" CONTENT="they" WC="1.00" CC="0000"/>
					</TextLine>
					<TextLine ID="P8_TL00025" HPOS="201" VPOS="1587" WIDTH="470" HEIGHT="29">
						<String ID="P8_ST00112" HPOS="201" VPOS="1588" WIDTH="43" HEIGHT="22" CONTENT="had" WC="1.00" CC="000"/>
						<SP ID="P8_SP00088" HPOS="244" VPOS="1610" WIDTH="13"/>
						<String ID="P8_ST00113" HPOS="257" VPOS="1592" WIDTH="22" HEIGHT="18" CONTENT="to" WC="0.69" CC="06"/>
						<SP ID="P8_SP00089" HPOS="279" VPOS="1610" WIDTH="13"/>
						<String ID="P8_ST00114" HPOS="292" VPOS="1592" WIDTH="36" HEIGHT="24" CONTENT="get" WC="0.99" CC="030"/>
						<SP ID="P8_SP00090" HPOS="328" VPOS="1616" WIDTH="14"/>
						<String ID="P8_ST00115" HPOS="342" VPOS="1587" WIDTH="56" HEIGHT="23" CONTENT="their" WC="1.00" CC="00020"/>
						<SP ID="P8_SP00091" HPOS="398" VPOS="1616" WIDTH="12"/>
						<String ID="P8_ST00116" HPOS="410" VPOS="1594" WIDTH="52" HEIGHT="15" CONTENT="own" WC="0.99" CC="300"/>
						<SP ID="P8_SP00092" HPOS="462" VPOS="1616" WIDTH="14"/>
						<String ID="P8_ST00117" HPOS="476" VPOS="1587" WIDTH="95" HEIGHT="29" CONTENT="practice" WC="1.00" CC="00000040"/>
						<SP ID="P8_SP00093" HPOS="571" VPOS="1616" WIDTH="13"/>
						<String ID="P8_ST00118" HPOS="584" VPOS="1587" WIDTH="87" HEIGHT="23" CONTENT="clothes" WC="1.00" CC="0004010"/>
					</TextLine>
					<TextLine ID="P8_TL00026" HPOS="201" VPOS="1626" WIDTH="469" HEIGHT="22">
						<String ID="P8_ST00119" HPOS="201" VPOS="1626" WIDTH="42" HEIGHT="22" CONTENT="and" WC="0.97" CC="340"/>
						<SP ID="P8_SP00094" HPOS="243" VPOS="1648" WIDTH="11"/>
						<String ID="P8_ST00120" HPOS="254" VPOS="1626" WIDTH="119" HEIGHT="22" CONTENT="bloomers." WC="0.99" CC="614670090"/>
						<SP ID="P8_SP00095" HPOS="373" VPOS="1648" WIDTH="11"/>
						<String ID="P8_ST00121" HPOS="384" VPOS="1626" WIDTH="38" HEIGHT="22" CONTENT="Yet" WC="1.00" CC="000"/>
						<SP ID="P8_SP00096" HPOS="422" VPOS="1648" WIDTH="11"/>
						<String ID="P8_ST00122" HPOS="433" VPOS="1626" WIDTH="35" HEIGHT="22" CONTENT="the" WC="1.00" CC="000"/>
						<SP ID="P8_SP00097" HPOS="468" VPOS="1648" WIDTH="11"/>
						<String ID="P8_ST00123" HPOS="479" VPOS="1626" WIDTH="111" HEIGHT="22" CONTENT="members" WC="1.00" CC="0001000"/>
						<SP ID="P8_SP00098" HPOS="590" VPOS="1648" WIDTH="9"/>
						<String ID="P8_ST00124" HPOS="599" VPOS="1626" WIDTH="28" HEIGHT="22" CONTENT="of" WC="0.87" CC="20"/>
						<SP ID="P8_SP00099" HPOS="627" VPOS="1648" WIDTH="7"/>
						<String ID="P8_ST00125" HPOS="634" VPOS="1626" WIDTH="36" HEIGHT="22" CONTENT="the" WC="1.00" CC="000"/>
					</TextLine>
					<TextLine ID="P8_TL00027" HPOS="201" VPOS="1662" WIDTH="469" HEIGHT="30">
						<String ID="P8_ST00126" HPOS="201" VPOS="1664" WIDTH="96" HEIGHT="28" CONTENT="recently" WC="1.00" CC="00001300"/>
						<SP ID="P8_SP00100" HPOS="297" VPOS="1692" WIDTH="13"/>
						<String ID="P8_ST00127" HPOS="310" VPOS="1664" WIDTH="72" HEIGHT="22" CONTENT="added" WC="1.00" CC="00000"/>
						<SP ID="P8_SP00101" HPOS="382" VPOS="1692" WIDTH="13"/>
						<String ID="P8_ST00128" HPOS="395" VPOS="1670" WIDTH="44" HEIGHT="22" CONTENT="pep" WC="0.98" CC="012"/>
						<SP ID="P8_SP00102" HPOS="439" VPOS="1692" WIDTH="11"/>
						<String ID="P8_ST00129" HPOS="450" VPOS="1664" WIDTH="59" HEIGHT="22" CONTENT="band" WC="0.99" CC="0050"/>
						<SP ID="P8_SP00103" HPOS="509" VPOS="1692" WIDTH="12"/>
						<String ID="P8_ST00130" HPOS="521" VPOS="1667" WIDTH="35" HEIGHT="25" CONTENT="get" WC="1.00" CC="100"/>
						<SP ID="P8_SP00104" HPOS="556" VPOS="1692" WIDTH="13"/>
						<String ID="P8_ST00131" HPOS="569" VPOS="1662" WIDTH="101" HEIGHT="25" CONTENT="$20-$25" WC="1.00" CC="0000000"/>
					</TextLine>
					<TextLine ID="P8_TL00028" HPOS="201" VPOS="1701" WIDTH="469" HEIGHT="29">
						<String ID="P8_ST00132" HPOS="201" VPOS="1701" WIDTH="35" HEIGHT="23" CONTENT="for" WC="0.98" CC="050"/>
						<SP ID="P8_SP00105" HPOS="236" VPOS="1724" WIDTH="5"/>
						<String ID="P8_ST00133" HPOS="241" VPOS="1708" WIDTH="67" HEIGHT="22" CONTENT="every" WC="1.00" CC="00000"/>
						<SP ID="P8_SP00106" HPOS="308" VPOS="1730" WIDTH="8"/>
						<String ID="P8_ST00134" HPOS="316" VPOS="1708" WIDTH="66" HEIGHT="22" CONTENT="game" WC="1.00" CC="0000"/>
						<SP ID="P8_SP00107" HPOS="382" VPOS="1730" WIDTH="7"/>
						<String ID="P8_ST00135" HPOS="389" VPOS="1705" WIDTH="21" HEIGHT="19" CONTENT="at" WC="0.80" CC="04"/>
						<SP ID="P8_SP00108" HPOS="410" VPOS="1730" WIDTH="8"/>
						<String ID="P8_ST00136" HPOS="418" VPOS="1701" WIDTH="73" HEIGHT="22" CONTENT="which" WC="1.00" CC="10000"/>
						<SP ID="P8_SP00109" HPOS="491" VPOS="1730" WIDTH="9"/>
						<String ID="P8_ST00137" HPOS="500" VPOS="1701" WIDTH="50" HEIGHT="29" CONTENT="they" WC="1.00" CC="0000"/>
						<SP ID="P8_SP00110" HPOS="550" VPOS="1730" WIDTH="8"/>
						<String ID="P8_ST00138" HPOS="558" VPOS="1701" WIDTH="57" HEIGHT="29" CONTENT="play." WC="1.00" CC="00000"/>
						<SP ID="P8_SP00111" HPOS="615" VPOS="1730" WIDTH="7"/>
						<String ID="P8_ST00139" HPOS="622" VPOS="1702" WIDTH="48" HEIGHT="22" CONTENT="You" WC="0.98" CC="050"/>
					</TextLine>
					<TextLine ID="P8_TL00029" HPOS="200" VPOS="1739" WIDTH="470" HEIGHT="29">
						<String ID="P8_ST00140" HPOS="200" VPOS="1739" WIDTH="29" HEIGHT="22" CONTENT="do" WC="1.00" CC="00"/>
						<SP ID="P8_SP00112" HPOS="229" VPOS="1761" WIDTH="14"/>
						<String ID="P8_ST00141" HPOS="243" VPOS="1739" WIDTH="36" HEIGHT="22" CONTENT="the" WC="1.00" CC="000"/>
						<SP ID="P8_SP00113" HPOS="279" VPOS="1761" WIDTH="14"/>
						<String ID="P8_ST00142" HPOS="293" VPOS="1739" WIDTH="59" HEIGHT="22" CONTENT="math" WC="0.98" CC="0035"/>
						<SP ID="P8_SP00114" HPOS="352" VPOS="1761" WIDTH="18"/>
						<String ID="P8_ST00143" HPOS="370" VPOS="1752" WIDTH="24" HEIGHT="3" CONTENT="—" WC="0.20" CC="8"/>
						<SP ID="P8_SP00115" HPOS="394" VPOS="1761" WIDTH="20"/>
						<String ID="P8_ST00144" HPOS="414" VPOS="1739" WIDTH="25" HEIGHT="22" CONTENT="18" WC="0.91" CC="01"/>
						<SP ID="P8_SP00116" HPOS="439" VPOS="1761" WIDTH="15"/>
						<String ID="P8_ST00145" HPOS="454" VPOS="1739" WIDTH="111" HEIGHT="22" CONTENT="members" WC="0.99" CC="0000009"/>
						<SP ID="P8_SP00117" HPOS="565" VPOS="1761" WIDTH="15"/>
						<String ID="P8_ST00146" HPOS="580" VPOS="1739" WIDTH="90" HEIGHT="29" CONTENT="making" WC="0.99" CC="900000"/>
					</TextLine>
					<TextLine ID="P8_TL00030" HPOS="200" VPOS="1775" WIDTH="471" HEIGHT="27">
						<String ID="P8_ST00147" HPOS="200" VPOS="1777" WIDTH="67" HEIGHT="22" CONTENT="about" WC="0.99" CC="00420"/>
						<SP ID="P8_SP00118" HPOS="267" VPOS="1799" WIDTH="11"/>
						<String ID="P8_ST00148" HPOS="278" VPOS="1775" WIDTH="45" HEIGHT="26" CONTENT="$20" WC="0.88" CC="201"/>
						<SP ID="P8_SP00119" HPOS="323" VPOS="1801" WIDTH="11"/>
						<String ID="P8_ST00149" HPOS="334" VPOS="1777" WIDTH="62" HEIGHT="25" CONTENT="each," WC="1.00" CC="00020"/>
						<SP ID="P8_SP00120" HPOS="396" VPOS="1802" WIDTH="12"/>
						<String ID="P8_ST00150" HPOS="408" VPOS="1777" WIDTH="44" HEIGHT="22" CONTENT="that" WC="1.00" CC="0000"/>
						<SP ID="P8_SP00121" HPOS="452" VPOS="1802" WIDTH="11"/>
						<String ID="P8_ST00151" HPOS="463" VPOS="1776" WIDTH="68" HEIGHT="23" CONTENT="could" WC="0.99" CC="70100"/>
						<SP ID="P8_SP00122" HPOS="531" VPOS="1802" WIDTH="12"/>
						<String ID="P8_ST00152" HPOS="543" VPOS="1777" WIDTH="27" HEIGHT="22" CONTENT="be" WC="0.77" CC="12"/>
						<SP ID="P8_SP00123" HPOS="570" VPOS="1802" WIDTH="12"/>
						<String ID="P8_ST00153" HPOS="582" VPOS="1777" WIDTH="54" HEIGHT="22" CONTENT="used" WC="0.98" CC="5500"/>
						<SP ID="P8_SP00124" HPOS="636" VPOS="1802" WIDTH="12"/>
						<String ID="P8_ST00154" HPOS="648" VPOS="1780" WIDTH="23" HEIGHT="19" CONTENT="to" WC="0.91" CC="01"/>
					</TextLine>
					<TextLine ID="P8_TL00031" HPOS="199" VPOS="1814" WIDTH="471" HEIGHT="29">
						<String ID="P8_ST00155" HPOS="199" VPOS="1819" WIDTH="36" HEIGHT="24" CONTENT="get" WC="1.00" CC="000"/>
						<SP ID="P8_SP00125" HPOS="235" VPOS="1843" WIDTH="9"/>
						<String ID="P8_ST00156" HPOS="244" VPOS="1814" WIDTH="67" HEIGHT="22" CONTENT="much" WC="1.00" CC="0000"/>
						<SP ID="P8_SP00126" HPOS="311" VPOS="1843" WIDTH="9"/>
						<String ID="P8_ST00157" HPOS="320" VPOS="1814" WIDTH="86" HEIGHT="22" CONTENT="needed" WC="0.99" CC="500009"/>
						<SP ID="P8_SP00127" HPOS="406" VPOS="1843" WIDTH="7"/>
						<String ID="P8_ST00158" HPOS="413" VPOS="1814" WIDTH="136" HEIGHT="29" CONTENT="equipment." WC="1.00" CC="0300000510"/>
						<SP ID="P8_SP00128" HPOS="549" VPOS="1843" WIDTH="17"/>
						<String ID="P8_ST00159" HPOS="566" VPOS="1814" WIDTH="32" HEIGHT="22" CONTENT="So" WC="0.83" CC="03"/>
						<SP ID="P8_SP00129" HPOS="598" VPOS="1843" WIDTH="7"/>
						<String ID="P8_ST00160" HPOS="605" VPOS="1814" WIDTH="65" HEIGHT="29" CONTENT="yeah," WC="1.00" CC="02000"/>
					</TextLine>
					<TextLine ID="P8_TL00032" HPOS="199" VPOS="1852" WIDTH="471" HEIGHT="29">
						<String ID="P8_ST00161" HPOS="199" VPOS="1852" WIDTH="44" HEIGHT="22" CONTENT="that" WC="1.00" CC="0000"/>
						<SP ID="P8_SP00130" HPOS="243" VPOS="1874" WIDTH="14"/>
						<String ID="P8_ST00162" HPOS="257" VPOS="1852" WIDTH="83" HEIGHT="22" CONTENT="sounds" WC="0.98" CC="900106"/>
						<SP ID="P8_SP00131" HPOS="340" VPOS="1874" WIDTH="15"/>
						<String ID="P8_ST00163" HPOS="355" VPOS="1852" WIDTH="41" HEIGHT="22" CONTENT="fair" WC="1.00" CC="0000"/>
						<SP ID="P8_SP00132" HPOS="396" VPOS="1874" WIDTH="11"/>
						<String ID="P8_ST00164" HPOS="407" VPOS="1852" WIDTH="89" HEIGHT="22" CONTENT="doesn't" WC="0.99" CC="9520200"/>
						<SP ID="P8_SP00133" HPOS="496" VPOS="1874" WIDTH="14"/>
						<String ID="P8_ST00165" HPOS="510" VPOS="1852" WIDTH="29" HEIGHT="22" CONTENT="it?" WC="0.97" CC="060"/>
						<SP ID="P8_SP00134" HPOS="539" VPOS="1874" WIDTH="12"/>
						<String ID="P8_ST00166" HPOS="551" VPOS="1852" WIDTH="70" HEIGHT="22" CONTENT="Some" WC="1.00" CC="0200"/>
						<SP ID="P8_SP00135" HPOS="621" VPOS="1874" WIDTH="12"/>
						<String ID="P8_ST00167" HPOS="633" VPOS="1856" WIDTH="37" HEIGHT="25" CONTENT="get" WC="1.00" CC="000"/>
					</TextLine>
					<TextLine ID="P8_TL00033" HPOS="199" VPOS="1890" WIDTH="471" HEIGHT="29">
						<String ID="P8_ST00168" HPOS="199" VPOS="1891" WIDTH="110" HEIGHT="28" CONTENT="spending" WC="1.00" CC="00080000"/>
						<SP ID="P8_SP00136" HPOS="309" VPOS="1919" WIDTH="11"/>
						<String ID="P8_ST00169" HPOS="320" VPOS="1897" WIDTH="87" HEIGHT="22" CONTENT="money," WC="1.00" CC="000000"/>
						<SP ID="P8_SP00137" HPOS="407" VPOS="1919" WIDTH="11"/>
						<String ID="P8_ST00170" HPOS="418" VPOS="1890" WIDTH="67" HEIGHT="23" CONTENT="while" WC="0.99" CC="00104"/>
						<SP ID="P8_SP00138" HPOS="485" VPOS="1919" WIDTH="10"/>
						<String ID="P8_ST00171" HPOS="495" VPOS="1890" WIDTH="74" HEIGHT="23" CONTENT="others" WC="0.99" CC="900050"/>
						<SP ID="P8_SP00139" HPOS="569" VPOS="1919" WIDTH="11"/>
						<String ID="P8_ST00172" HPOS="580" VPOS="1891" WIDTH="57" HEIGHT="22" CONTENT="have" WC="1.00" CC="0000"/>
						<SP ID="P8_SP00140" HPOS="637" VPOS="1919" WIDTH="10"/>
						<String ID="P8_ST00173" HPOS="647" VPOS="1894" WIDTH="23" HEIGHT="19" CONTENT="to" WC="0.98" CC="00"/>
					</TextLine>
					<TextLine ID="P8_TL00034" HPOS="199" VPOS="1928" WIDTH="102" HEIGHT="29">
						<String ID="P8_ST00174" HPOS="199" VPOS="1928" WIDTH="70" HEIGHT="29" CONTENT="spend" WC="1.00" CC="00000"/>
						<SP ID="P8_SP00141" HPOS="269" VPOS="1957" WIDTH="10"/>
						<String ID="P8_ST00175" HPOS="279" VPOS="1928" WIDTH="22" HEIGHT="23" CONTENT="it." WC="1.00" CC="000"/>
					</TextLine>
					<TextLine ID="P8_TL00035" HPOS="241" VPOS="1965" WIDTH="429" HEIGHT="30">
						<String ID="P8_ST00176" HPOS="241" VPOS="1966" WIDTH="43" HEIGHT="22" CONTENT="I'm" WC="0.99" CC="020"/>
						<SP ID="P8_SP00142" HPOS="284" VPOS="1988" WIDTH="35"/>
						<String ID="P8_ST00177" HPOS="319" VPOS="1966" WIDTH="111" HEIGHT="29" CONTENT="surprised" WC="0.99" CC="900000500"/>
						<SP ID="P8_SP00143" HPOS="430" VPOS="1995" WIDTH="36"/>
						<String ID="P8_ST00178" HPOS="466" VPOS="1973" WIDTH="34" HEIGHT="15" CONTENT="we" WC="1.00" CC="00"/>
						<SP ID="P8_SP00144" HPOS="500" VPOS="1995" WIDTH="34"/>
						<String ID="P8_ST00179" HPOS="534" VPOS="1965" WIDTH="43" HEIGHT="23" CONTENT="still" WC="1.00" CC="20000"/>
						<SP ID="P8_SP00145" HPOS="577" VPOS="1995" WIDTH="36"/>
						<String ID="P8_ST00180" HPOS="613" VPOS="1966" WIDTH="57" HEIGHT="22" CONTENT="have" WC="1.00" CC="0000"/>
					</TextLine>
					<TextLine ID="P8_TL00036" HPOS="199" VPOS="2004" WIDTH="472" HEIGHT="28">
						<String ID="P8_ST00181" HPOS="199" VPOS="2004" WIDTH="160" HEIGHT="22" CONTENT="cheerleaders." WC="1.00" CC="7000000001000"/>
						<SP ID="P8_SP00146" HPOS="359" VPOS="2026" WIDTH="13"/>
						<String ID="P8_ST00182" HPOS="372" VPOS="2004" WIDTH="16" HEIGHT="22" CONTENT="It" WC="0.62" CC="70"/>
						<SP ID="P8_SP00147" HPOS="388" VPOS="2026" WIDTH="11"/>
						<String ID="P8_ST00183" HPOS="399" VPOS="2007" WIDTH="58" HEIGHT="18" CONTENT="must" WC="0.98" CC="9000"/>
						<SP ID="P8_SP00148" HPOS="457" VPOS="2026" WIDTH="11"/>
						<String ID="P8_ST00184" HPOS="468" VPOS="2004" WIDTH="27" HEIGHT="22" CONTENT="be" WC="0.59" CC="52"/>
						<SP ID="P8_SP00149" HPOS="495" VPOS="2026" WIDTH="11"/>
						<String ID="P8_ST00185" HPOS="506" VPOS="2011" WIDTH="12" HEIGHT="14" CONTENT="a" WC="0.57" CC="4"/>
						<SP ID="P8_SP00150" HPOS="518" VPOS="2026" WIDTH="11"/>
						<String ID="P8_ST00186" HPOS="529" VPOS="2007" WIDTH="59" HEIGHT="25" CONTENT="great" WC="0.99" CC="00310"/>
						<SP ID="P8_SP00151" HPOS="588" VPOS="2032" WIDTH="11"/>
						<String ID="P8_ST00187" HPOS="599" VPOS="2004" WIDTH="72" HEIGHT="21" CONTENT="honor" WC="0.99" CC="07000"/>
					</TextLine>
					<TextLine ID="P8_TL00037" HPOS="200" VPOS="2041" WIDTH="471" HEIGHT="29">
						<String ID="P8_ST00188" HPOS="200" VPOS="2045" WIDTH="23" HEIGHT="18" CONTENT="to" WC="0.46" CC="45"/>
						<SP ID="P8_SP00152" HPOS="223" VPOS="2063" WIDTH="20"/>
						<String ID="P8_ST00189" HPOS="243" VPOS="2041" WIDTH="57" HEIGHT="23" CONTENT="have" WC="0.99" CC="0302"/>
						<SP ID="P8_SP00153" HPOS="300" VPOS="2064" WIDTH="20"/>
						<String ID="P8_ST00190" HPOS="320" VPOS="2045" WIDTH="23" HEIGHT="18" CONTENT="to" WC="0.82" CC="03"/>
						<SP ID="P8_SP00154" HPOS="343" VPOS="2064" WIDTH="19"/>
						<String ID="P8_ST00191" HPOS="362" VPOS="2045" WIDTH="77" HEIGHT="25" CONTENT="empty" WC="0.99" CC="00060"/>
						<SP ID="P8_SP00155" HPOS="439" VPOS="2070" WIDTH="21"/>
						<String ID="P8_ST00192" HPOS="460" VPOS="2041" WIDTH="56" HEIGHT="22" CONTENT="their" WC="0.99" CC="05040"/>
						<SP ID="P8_SP00156" HPOS="516" VPOS="2070" WIDTH="19"/>
						<String ID="P8_ST00193" HPOS="535" VPOS="2041" WIDTH="92" HEIGHT="29" CONTENT="pockets" WC="0.99" CC="0000049"/>
						<SP ID="P8_SP00157" HPOS="627" VPOS="2070" WIDTH="21"/>
						<String ID="P8_ST00194" HPOS="648" VPOS="2045" WIDTH="23" HEIGHT="18" CONTENT="to" WC="0.92" CC="01"/>
					</TextLine>
					<TextLine ID="P8_TL00038" HPOS="201" VPOS="2078" WIDTH="469" HEIGHT="30">
						<String ID="P8_ST00195" HPOS="201" VPOS="2079" WIDTH="27" HEIGHT="22" CONTENT="be" WC="1.00" CC="00"/>
						<SP ID="P8_SP00158" HPOS="228" VPOS="2101" WIDTH="20"/>
						<String ID="P8_ST00196" HPOS="248" VPOS="2086" WIDTH="13" HEIGHT="15" CONTENT="a" WC="0.60" CC="3"/>
						<SP ID="P8_SP00159" HPOS="261" VPOS="2101" WIDTH="18"/>
						<String ID="P8_ST00197" HPOS="279" VPOS="2079" WIDTH="142" HEIGHT="22" CONTENT="cheerleader" WC="1.00" CC="60000000000"/>
						<SP ID="P8_SP00160" HPOS="421" VPOS="2101" WIDTH="18"/>
						<String ID="P8_ST00198" HPOS="439" VPOS="2078" WIDTH="36" HEIGHT="23" CONTENT="for" WC="1.00" CC="000"/>
						<SP ID="P8_SP00161" HPOS="475" VPOS="2101" WIDTH="19"/>
						<String ID="P8_ST00199" HPOS="494" VPOS="2079" WIDTH="35" HEIGHT="22" CONTENT="the" WC="1.00" CC="000"/>
						<SP ID="P8_SP00162" HPOS="529" VPOS="2101" WIDTH="20"/>
						<String ID="P8_ST00200" HPOS="549" VPOS="2079" WIDTH="121" HEIGHT="29" CONTENT="nationally" WC="1.00" CC="3410000100"/>
					</TextLine>
					<TextLine ID="P8_TL00039" HPOS="202" VPOS="2117" WIDTH="469" HEIGHT="28">
						<String ID="P8_ST00201" HPOS="202" VPOS="2117" WIDTH="123" HEIGHT="22" CONTENT="acclaimed" WC="1.00" CC="000104000"/>
						<SP ID="P8_SP00163" HPOS="325" VPOS="2139" WIDTH="14"/>
						<String ID="P8_ST00202" HPOS="339" VPOS="2117" WIDTH="87" HEIGHT="28" CONTENT="Loyola" WC="0.99" CC="058010"/>
						<SP ID="P8_SP00164" HPOS="426" VPOS="2145" WIDTH="13"/>
						<String ID="P8_ST00203" HPOS="439" VPOS="2117" WIDTH="125" HEIGHT="28" CONTENT="Wolfpack," WC="0.79" CC="500000390"/>
						<SP ID="P8_SP00165" HPOS="564" VPOS="2145" WIDTH="13"/>
						<String ID="P8_ST00204" HPOS="577" VPOS="2117" WIDTH="38" HEIGHT="22" CONTENT="but" WC="0.97" CC="306"/>
						<SP ID="P8_SP00166" HPOS="615" VPOS="2145" WIDTH="13"/>
						<String ID="P8_ST00205" HPOS="628" VPOS="2117" WIDTH="43" HEIGHT="22" CONTENT="this" WC="0.98" CC="7400"/>
					</TextLine>
					<TextLine ID="P8_TL00040" HPOS="203" VPOS="2154" WIDTH="468" HEIGHT="29">
						<String ID="P8_ST00206" HPOS="203" VPOS="2161" WIDTH="52" HEIGHT="22" CONTENT="says" WC="1.00" CC="0100"/>
						<SP ID="P8_SP00167" HPOS="255" VPOS="2183" WIDTH="7"/>
						<String ID="P8_ST00207" HPOS="262" VPOS="2161" WIDTH="13" HEIGHT="16" CONTENT="a" WC="1.00" CC="0"/>
						<SP ID="P8_SP00168" HPOS="275" VPOS="2183" WIDTH="9"/>
						<String ID="P8_ST00208" HPOS="284" VPOS="2155" WIDTH="30" HEIGHT="21" CONTENT="lot" WC="1.00" CC="000"/>
						<SP ID="P8_SP00169" HPOS="314" VPOS="2183" WIDTH="9"/>
						<String ID="P8_ST00209" HPOS="323" VPOS="2155" WIDTH="66" HEIGHT="21" CONTENT="about" WC="0.98" CC="06037"/>
						<SP ID="P8_SP00170" HPOS="389" VPOS="2183" WIDTH="10"/>
						<String ID="P8_ST00210" HPOS="399" VPOS="2155" WIDTH="35" HEIGHT="21" CONTENT="the" WC="0.98" CC="600"/>
						<SP ID="P8_SP00171" HPOS="434" VPOS="2183" WIDTH="9"/>
						<String ID="P8_ST00211" HPOS="443" VPOS="2154" WIDTH="99" HEIGHT="22" CONTENT="students" WC="0.99" CC="50000009"/>
						<SP ID="P8_SP00172" HPOS="542" VPOS="2183" WIDTH="8"/>
						<String ID="P8_ST00212" HPOS="550" VPOS="2158" WIDTH="21" HEIGHT="18" CONTENT="at" WC="1.00" CC="00"/>
						<SP ID="P8_SP00173" HPOS="571" VPOS="2183" WIDTH="9"/>
						<String ID="P8_ST00213" HPOS="580" VPOS="2154" WIDTH="91" HEIGHT="29" CONTENT="Loyola." WC="1.00" CC="0006000"/>
					</TextLine>
					<TextLine ID="P8_TL00041" HPOS="201" VPOS="2191" WIDTH="469" HEIGHT="29">
						<String ID="P8_ST00214" HPOS="201" VPOS="2191" WIDTH="91" HEIGHT="29" CONTENT="Despite" WC="0.98" CC="2298400"/>
						<SP ID="P8_SP00174" HPOS="292" VPOS="2220" WIDTH="11"/>
						<String ID="P8_ST00215" HPOS="303" VPOS="2191" WIDTH="28" HEIGHT="22" CONTENT="all" WC="0.92" CC="776"/>
						<SP ID="P8_SP00175" HPOS="331" VPOS="2220" WIDTH="12"/>
						<String ID="P8_ST00216" HPOS="343" VPOS="2192" WIDTH="35" HEIGHT="21" CONTENT="the" WC="0.99" CC="200"/>
						<SP ID="P8_SP00176" HPOS="378" VPOS="2220" WIDTH="12"/>
						<String ID="P8_ST00217" HPOS="390" VPOS="2192" WIDTH="80" HEIGHT="27" CONTENT="bumps" WC="0.99" CC="55000"/>
						<SP ID="P8_SP00177" HPOS="470" VPOS="2220" WIDTH="11"/>
						<String ID="P8_ST00218" HPOS="481" VPOS="2191" WIDTH="42" HEIGHT="22" CONTENT="and" WC="0.98" CC="060"/>
						<SP ID="P8_SP00178" HPOS="523" VPOS="2220" WIDTH="11"/>
						<String ID="P8_ST00219" HPOS="534" VPOS="2191" WIDTH="89" HEIGHT="22" CONTENT="hurdles" WC="0.99" CC="9000300"/>
						<SP ID="P8_SP00179" HPOS="623" VPOS="2220" WIDTH="11"/>
						<String ID="P8_ST00220" HPOS="634" VPOS="2191" WIDTH="36" HEIGHT="22" CONTENT="the" WC="1.00" CC="010"/>
					</TextLine>
					<TextLine ID="P8_TL00042" HPOS="199" VPOS="2228" WIDTH="470" HEIGHT="30">
						<String ID="P8_ST00221" HPOS="199" VPOS="2229" WIDTH="143" HEIGHT="29" CONTENT="Department" WC="1.00" CC="5200040021"/>
						<SP ID="P8_SP00180" HPOS="342" VPOS="2258" WIDTH="11"/>
						<String ID="P8_ST00222" HPOS="353" VPOS="2228" WIDTH="27" HEIGHT="23" CONTENT="of" WC="0.41" CC="28"/>
						<SP ID="P8_SP00181" HPOS="380" VPOS="2258" WIDTH="7"/>
						<String ID="P8_ST00223" HPOS="387" VPOS="2228" WIDTH="109" HEIGHT="23" CONTENT="Athletics" WC="0.99" CC="004130070"/>
						<SP ID="P8_SP00182" HPOS="496" VPOS="2258" WIDTH="10"/>
						<String ID="P8_ST00224" HPOS="506" VPOS="2229" WIDTH="43" HEIGHT="22" CONTENT="and" WC="0.99" CC="020"/>
						<SP ID="P8_SP00183" HPOS="549" VPOS="2258" WIDTH="11"/>
						<String ID="P8_ST00225" HPOS="560" VPOS="2228" WIDTH="109" HEIGHT="23" CONTENT="Wellness" WC="1.00" CC="01002000"/>
					</TextLine>
					<TextLine ID="P8_TL00043" HPOS="198" VPOS="2266" WIDTH="471" HEIGHT="29">
						<String ID="P8_ST00226" HPOS="198" VPOS="2267" WIDTH="39" HEIGHT="22" CONTENT="has" WC="0.99" CC="120"/>
						<SP ID="P8_SP00184" HPOS="237" VPOS="2289" WIDTH="13"/>
						<String ID="P8_ST00227" HPOS="250" VPOS="2271" WIDTH="36" HEIGHT="24" CONTENT="put" WC="0.98" CC="032"/>
						<SP ID="P8_SP00185" HPOS="286" VPOS="2295" WIDTH="15"/>
						<String ID="P8_ST00228" HPOS="301" VPOS="2266" WIDTH="21" HEIGHT="23" CONTENT="in" WC="1.00" CC="00"/>
						<SP ID="P8_SP00186" HPOS="322" VPOS="2295" WIDTH="12"/>
						<String ID="P8_ST00229" HPOS="334" VPOS="2266" WIDTH="56" HEIGHT="23" CONTENT="their" WC="0.99" CC="00311"/>
						<SP ID="P8_SP00187" HPOS="390" VPOS="2295" WIDTH="11"/>
						<String ID="P8_ST00230" HPOS="401" VPOS="2273" WIDTH="56" HEIGHT="22" CONTENT="way," WC="1.00" CC="0000"/>
						<SP ID="P8_SP00188" HPOS="457" VPOS="2295" WIDTH="12"/>
						<String ID="P8_ST00231" HPOS="469" VPOS="2266" WIDTH="51" HEIGHT="29" CONTENT="they" WC="1.00" CC="0000"/>
						<SP ID="P8_SP00189" HPOS="520" VPOS="2295" WIDTH="13"/>
						<String ID="P8_ST00232" HPOS="533" VPOS="2266" WIDTH="44" HEIGHT="23" CONTENT="still" WC="0.98" CC="91060"/>
						<SP ID="P8_SP00190" HPOS="577" VPOS="2295" WIDTH="12"/>
						<String ID="P8_ST00233" HPOS="589" VPOS="2273" WIDTH="30" HEIGHT="22" CONTENT="go" WC="0.79" CC="04"/>
						<SP ID="P8_SP00191" HPOS="619" VPOS="2295" WIDTH="11"/>
						<String ID="P8_ST00234" HPOS="630" VPOS="2271" WIDTH="39" HEIGHT="18" CONTENT="out" WC="0.97" CC="510"/>
					</TextLine>
					<TextLine ID="P8_TL00044" HPOS="197" VPOS="2305" WIDTH="471" HEIGHT="28">
						<String ID="P8_ST00235" HPOS="197" VPOS="2305" WIDTH="68" HEIGHT="24" CONTENT="there," WC="1.00" CC="000000"/>
						<SP ID="P8_SP00192" HPOS="265" VPOS="2329" WIDTH="8"/>
						<String ID="P8_ST00236" HPOS="273" VPOS="2311" WIDTH="58" HEIGHT="16" CONTENT="even" WC="1.00" CC="0000"/>
						<SP ID="P8_SP00193" HPOS="331" VPOS="2329" WIDTH="9"/>
						<String ID="P8_ST00237" HPOS="340" VPOS="2305" WIDTH="20" HEIGHT="22" CONTENT="if" WC="0.92" CC="10"/>
						<SP ID="P8_SP00194" HPOS="360" VPOS="2329" WIDTH="6"/>
						<String ID="P8_ST00238" HPOS="366" VPOS="2305" WIDTH="51" HEIGHT="28" CONTENT="they" WC="0.99" CC="6000"/>
						<SP ID="P8_SP00195" HPOS="417" VPOS="2333" WIDTH="11"/>
						<String ID="P8_ST00239" HPOS="428" VPOS="2305" WIDTH="51" HEIGHT="22" CONTENT="look" WC="1.00" CC="0000"/>
						<SP ID="P8_SP00196" HPOS="479" VPOS="2333" WIDTH="10"/>
						<String ID="P8_ST00240" HPOS="489" VPOS="2311" WIDTH="71" HEIGHT="16" CONTENT="worse" WC="0.99" CC="60010"/>
						<SP ID="P8_SP00197" HPOS="560" VPOS="2333" WIDTH="10"/>
						<String ID="P8_ST00241" HPOS="570" VPOS="2305" WIDTH="51" HEIGHT="22" CONTENT="than" WC="1.00" CC="0000"/>
						<SP ID="P8_SP00198" HPOS="621" VPOS="2333" WIDTH="10"/>
						<String ID="P8_ST00242" HPOS="631" VPOS="2311" WIDTH="37" HEIGHT="22" CONTENT="my" WC="1.00" CC="00"/>
					</TextLine>
					<TextLine ID="P8_TL00045" HPOS="198" VPOS="2343" WIDTH="330" HEIGHT="28">
						<String ID="P8_ST00243" HPOS="198" VPOS="2343" WIDTH="53" HEIGHT="28" CONTENT="high" WC="0.99" CC="3000"/>
						<SP ID="P8_SP00199" HPOS="251" VPOS="2371" WIDTH="10"/>
						<String ID="P8_ST00244" HPOS="261" VPOS="2343" WIDTH="99" HEIGHT="22" CONTENT="school's" WC="0.99" CC="90005009"/>
						<SP ID="P8_SP00200" HPOS="360" VPOS="2371" WIDTH="8"/>
						<String ID="P8_ST00245" HPOS="368" VPOS="2343" WIDTH="160" HEIGHT="22" CONTENT="cheerleaders." WC="1.00" CC="0500010000000"/>
					</TextLine>
					<TextLine ID="P8_TL00046" HPOS="240" VPOS="2380" WIDTH="429" HEIGHT="29">
						<String ID="P8_ST00246" HPOS="240" VPOS="2381" WIDTH="52" HEIGHT="22" CONTENT="And" WC="0.99" CC="020"/>
						<SP ID="P8_SP00201" HPOS="292" VPOS="2403" WIDTH="13"/>
						<String ID="P8_ST00247" HPOS="305" VPOS="2380" WIDTH="101" HEIGHT="25" CONTENT="freshies," WC="0.92" CC="014000000"/>
						<SP ID="P8_SP00202" HPOS="406" VPOS="2405" WIDTH="15"/>
						<String ID="P8_ST00248" HPOS="421" VPOS="2380" WIDTH="18" HEIGHT="22" CONTENT="if" WC="0.75" CC="04"/>
						<SP ID="P8_SP00203" HPOS="439" VPOS="2405" WIDTH="11"/>
						<String ID="P8_ST00249" HPOS="450" VPOS="2387" WIDTH="44" HEIGHT="22" CONTENT="you" WC="1.00" CC="010"/>
						<SP ID="P8_SP00204" HPOS="494" VPOS="2409" WIDTH="14"/>
						<String ID="P8_ST00250" HPOS="508" VPOS="2380" WIDTH="62" HEIGHT="22" CONTENT="think" WC="1.00" CC="12000"/>
						<SP ID="P8_SP00205" HPOS="570" VPOS="2409" WIDTH="13"/>
						<String ID="P8_ST00251" HPOS="583" VPOS="2380" WIDTH="86" HEIGHT="29" CONTENT="they're" WC="0.99" CC="2000085"/>
					</TextLine>
					<TextLine ID="P8_TL00047" HPOS="198" VPOS="2418" WIDTH="470" HEIGHT="29">
						<String ID="P8_ST00252" HPOS="198" VPOS="2419" WIDTH="42" HEIGHT="21" CONTENT="bad" WC="1.00" CC="000"/>
						<SP ID="P8_SP00206" HPOS="240" VPOS="2440" WIDTH="13"/>
						<String ID="P8_ST00253" HPOS="253" VPOS="2418" WIDTH="43" HEIGHT="22" CONTENT="this" WC="0.98" CC="0241"/>
						<SP ID="P8_SP00207" HPOS="296" VPOS="2440" WIDTH="12"/>
						<String ID="P8_ST00254" HPOS="308" VPOS="2425" WIDTH="58" HEIGHT="22" CONTENT="year," WC="0.99" CC="04000"/>
						<SP ID="P8_SP00208" HPOS="366" VPOS="2447" WIDTH="12"/>
						<String ID="P8_ST00255" HPOS="378" VPOS="2418" WIDTH="50" HEIGHT="22" CONTENT="shut" WC="1.00" CC="0010"/>
						<SP ID="P8_SP00209" HPOS="428" VPOS="2447" WIDTH="12"/>
						<String ID="P8_ST00256" HPOS="440" VPOS="2425" WIDTH="36" HEIGHT="22" CONTENT="up." WC="1.00" CC="000"/>
						<SP ID="P8_SP00210" HPOS="476" VPOS="2447" WIDTH="12"/>
						<String ID="P8_ST00257" HPOS="488" VPOS="2418" WIDTH="55" HEIGHT="22" CONTENT="This" WC="0.99" CC="0003"/>
						<SP ID="P8_SP00211" HPOS="543" VPOS="2447" WIDTH="11"/>
						<String ID="P8_ST00258" HPOS="554" VPOS="2425" WIDTH="53" HEIGHT="22" CONTENT="year" WC="1.00" CC="0000"/>
						<SP ID="P8_SP00212" HPOS="607" VPOS="2447" WIDTH="10"/>
						<String ID="P8_ST00259" HPOS="617" VPOS="2418" WIDTH="51" HEIGHT="29" CONTENT="they" WC="0.98" CC="6100"/>
					</TextLine>
					<TextLine ID="P8_TL00048" HPOS="198" VPOS="2456" WIDTH="472" HEIGHT="29">
						<String ID="P8_ST00260" HPOS="198" VPOS="2463" WIDTH="36" HEIGHT="15" CONTENT="are" WC="1.00" CC="000"/>
						<SP ID="P8_SP00213" HPOS="234" VPOS="2478" WIDTH="22"/>
						<String ID="P8_ST00261" HPOS="256" VPOS="2456" WIDTH="94" HEIGHT="29" CONTENT="actually" WC="1.00" CC="20000000"/>
						<SP ID="P8_SP00214" HPOS="350" VPOS="2485" WIDTH="23"/>
						<String ID="P8_ST00262" HPOS="373" VPOS="2456" WIDTH="110" HEIGHT="28" CONTENT="tumbling" WC="1.00" CC="30000220"/>
						<SP ID="P8_SP00215" HPOS="483" VPOS="2485" WIDTH="21"/>
						<String ID="P8_ST00263" HPOS="504" VPOS="2456" WIDTH="43" HEIGHT="22" CONTENT="and" WC="1.00" CC="000"/>
						<SP ID="P8_SP00216" HPOS="547" VPOS="2485" WIDTH="19"/>
						<String ID="P8_ST00264" HPOS="566" VPOS="2456" WIDTH="104" HEIGHT="29" CONTENT="jumping" WC="1.00" CC="0100400"/>
					</TextLine>
					<TextLine ID="P8_TL00049" HPOS="199" VPOS="2493" WIDTH="472" HEIGHT="29">
						<String ID="P8_ST00265" HPOS="199" VPOS="2494" WIDTH="42" HEIGHT="22" CONTENT="and" WC="0.97" CC="800"/>
						<SP ID="P8_SP00217" HPOS="241" VPOS="2516" WIDTH="29"/>
						<String ID="P8_ST00266" HPOS="270" VPOS="2494" WIDTH="97" HEIGHT="28" CONTENT="forming" WC="0.98" CC="6006406"/>
						<SP ID="P8_SP00218" HPOS="367" VPOS="2522" WIDTH="29"/>
						<String ID="P8_ST00267" HPOS="396" VPOS="2493" WIDTH="114" HEIGHT="29" CONTENT="pyramids" WC="0.99" CC="00009434"/>
						<SP ID="P8_SP00219" HPOS="510" VPOS="2522" WIDTH="28"/>
						<String ID="P8_ST00268" HPOS="538" VPOS="2493" WIDTH="42" HEIGHT="22" CONTENT="and" WC="1.00" CC="000"/>
						<SP ID="P8_SP00220" HPOS="580" VPOS="2522" WIDTH="28"/>
						<String ID="P8_ST00269" HPOS="608" VPOS="2493" WIDTH="63" HEIGHT="22" CONTENT="other" WC="1.00" CC="00000"/>
					</TextLine>
					<TextLine ID="P8_TL00050" HPOS="198" VPOS="2531" WIDTH="473" HEIGHT="29">
						<String ID="P8_ST00270" HPOS="198" VPOS="2531" WIDTH="143" HEIGHT="29" CONTENT="chearlead-y" WC="0.86" CC="01110010900"/>
						<SP ID="P8_SP00221" HPOS="341" VPOS="2560" WIDTH="21"/>
						<String ID="P8_ST00271" HPOS="362" VPOS="2531" WIDTH="56" HEIGHT="22" CONTENT="stuff" WC="0.99" CC="05040"/>
						<SP ID="P8_SP00222" HPOS="418" VPOS="2560" WIDTH="19"/>
						<String ID="P8_ST00272" HPOS="437" VPOS="2531" WIDTH="7" HEIGHT="22" CONTENT="I" WC="0.51" CC="4"/>
						<SP ID="P8_SP00223" HPOS="444" VPOS="2560" WIDTH="20"/>
						<String ID="P8_ST00273" HPOS="464" VPOS="2531" WIDTH="64" HEIGHT="22" CONTENT="don't" WC="1.00" CC="00001"/>
						<SP ID="P8_SP00224" HPOS="528" VPOS="2560" WIDTH="20"/>
						<String ID="P8_ST00274" HPOS="548" VPOS="2531" WIDTH="66" HEIGHT="22" CONTENT="know" WC="0.98" CC="0008"/>
						<SP ID="P8_SP00225" HPOS="614" VPOS="2560" WIDTH="21"/>
						<String ID="P8_ST00275" HPOS="635" VPOS="2531" WIDTH="36" HEIGHT="22" CONTENT="the" WC="0.96" CC="450"/>
					</TextLine>
					<TextLine ID="P8_TL00051" HPOS="199" VPOS="2569" WIDTH="472" HEIGHT="28">
						<String ID="P8_ST00276" HPOS="199" VPOS="2574" WIDTH="67" HEIGHT="18" CONTENT="terms" WC="1.00" CC="00000"/>
						<SP ID="P8_SP00226" HPOS="266" VPOS="2592" WIDTH="13"/>
						<String ID="P8_ST00277" HPOS="279" VPOS="2570" WIDTH="40" HEIGHT="24" CONTENT="for," WC="0.98" CC="0042"/>
						<SP ID="P8_SP00227" HPOS="319" VPOS="2594" WIDTH="14"/>
						<String ID="P8_ST00278" HPOS="333" VPOS="2570" WIDTH="85" HEIGHT="22" CONTENT="instead" WC="0.99" CC="0100405"/>
						<SP ID="P8_SP00228" HPOS="418" VPOS="2594" WIDTH="12"/>
						<String ID="P8_ST00279" HPOS="430" VPOS="2569" WIDTH="27" HEIGHT="23" CONTENT="of" WC="0.64" CC="51"/>
						<SP ID="P8_SP00229" HPOS="457" VPOS="2594" WIDTH="8"/>
						<String ID="P8_ST00280" HPOS="465" VPOS="2570" WIDTH="46" HEIGHT="27" CONTENT="just" WC="0.99" CC="0006"/>
						<SP ID="P8_SP00230" HPOS="511" VPOS="2597" WIDTH="11"/>
						<String ID="P8_ST00281" HPOS="522" VPOS="2570" WIDTH="99" HEIGHT="27" CONTENT="handing" WC="1.00" CC="2000000"/>
						<SP ID="P8_SP00231" HPOS="621" VPOS="2597" WIDTH="11"/>
						<String ID="P8_ST00282" HPOS="632" VPOS="2573" WIDTH="39" HEIGHT="19" CONTENT="out" WC="0.97" CC="205"/>
					</TextLine>
					<TextLine ID="P8_TL00052" HPOS="200" VPOS="2607" WIDTH="471" HEIGHT="29">
						<String ID="P8_ST00283" HPOS="200" VPOS="2608" WIDTH="63" HEIGHT="28" CONTENT="pizza" WC="0.98" CC="00770"/>
						<SP ID="P8_SP00232" HPOS="263" VPOS="2636" WIDTH="16"/>
						<String ID="P8_ST00284" HPOS="279" VPOS="2608" WIDTH="44" HEIGHT="22" CONTENT="like" WC="0.98" CC="5300"/>
						<SP ID="P8_SP00233" HPOS="323" VPOS="2636" WIDTH="16"/>
						<String ID="P8_ST00285" HPOS="339" VPOS="2608" WIDTH="48" HEIGHT="22" CONTENT="Red" WC="1.00" CC="000"/>
						<SP ID="P8_SP00234" HPOS="387" VPOS="2636" WIDTH="15"/>
						<String ID="P8_ST00286" HPOS="402" VPOS="2607" WIDTH="70" HEIGHT="23" CONTENT="Cross" WC="1.00" CC="00200"/>
						<SP ID="P8_SP00235" HPOS="472" VPOS="2636" WIDTH="16"/>
						<String ID="P8_ST00287" HPOS="488" VPOS="2607" WIDTH="183" HEIGHT="29" CONTENT="representatives" WC="1.00" CC="001000000000005"/>
					</TextLine>
					<TextLine ID="P8_TL00053" HPOS="200" VPOS="2645" WIDTH="471" HEIGHT="23">
						<String ID="P8_ST00288" HPOS="200" VPOS="2649" WIDTH="22" HEIGHT="19" CONTENT="to" WC="1.00" CC="00"/>
						<SP ID="P8_SP00236" HPOS="222" VPOS="2668" WIDTH="11"/>
						<String ID="P8_ST00289" HPOS="233" VPOS="2646" WIDTH="128" HEIGHT="22" CONTENT="obnoxious" WC="0.99" CC="102620500"/>
						<SP ID="P8_SP00237" HPOS="361" VPOS="2668" WIDTH="12"/>
						<String ID="P8_ST00290" HPOS="373" VPOS="2645" WIDTH="56" HEIGHT="23" CONTENT="fans." WC="1.00" CC="00000"/>
						<SP ID="P8_SP00238" HPOS="429" VPOS="2668" WIDTH="12"/>
						<String ID="P8_ST00291" HPOS="441" VPOS="2645" WIDTH="54" HEIGHT="22" CONTENT="This" WC="0.98" CC="0009"/>
						<SP ID="P8_SP00239" HPOS="495" VPOS="2668" WIDTH="13"/>
						<String ID="P8_ST00292" HPOS="508" VPOS="2645" WIDTH="54" HEIGHT="22" CONTENT="used" WC="1.00" CC="0000"/>
						<SP ID="P8_SP00240" HPOS="562" VPOS="2668" WIDTH="12"/>
						<String ID="P8_ST00293" HPOS="574" VPOS="2648" WIDTH="23" HEIGHT="19" CONTENT="to" WC="0.55" CC="53"/>
						<SP ID="P8_SP00241" HPOS="597" VPOS="2668" WIDTH="12"/>
						<String ID="P8_ST00294" HPOS="609" VPOS="2645" WIDTH="27" HEIGHT="22" CONTENT="be" WC="0.86" CC="20"/>
						<SP ID="P8_SP00242" HPOS="636" VPOS="2668" WIDTH="12"/>
						<String ID="P8_ST00295" HPOS="648" VPOS="2652" WIDTH="23" HEIGHT="15" CONTENT="as" WC="0.92" CC="10"/>
					</TextLine>
					<TextLine ID="P8_TL00054" HPOS="199" VPOS="2683" WIDTH="210" HEIGHT="29">
						<String ID="P8_ST00296" HPOS="199" VPOS="2683" WIDTH="98" HEIGHT="29" CONTENT="exciting" WC="1.00" CC="00410400"/>
						<SP ID="P8_SP00243" HPOS="297" VPOS="2712" WIDTH="9"/>
						<String ID="P8_ST00297" HPOS="306" VPOS="2690" WIDTH="25" HEIGHT="15" CONTENT="as" WC="0.53" CC="09"/>
						<SP ID="P8_SP00244" HPOS="331" VPOS="2712" WIDTH="9"/>
						<String ID="P8_ST00298" HPOS="340" VPOS="2683" WIDTH="16" HEIGHT="22" CONTENT="it" WC="0.95" CC="00"/>
						<SP ID="P8_SP00245" HPOS="356" VPOS="2712" WIDTH="9"/>
						<String ID="P8_ST00299" HPOS="365" VPOS="2687" WIDTH="44" HEIGHT="25" CONTENT="got." WC="0.97" CC="6430"/>
					</TextLine>
					<TextLine ID="P8_TL00055" HPOS="243" VPOS="2720" WIDTH="428" HEIGHT="26">
						<String ID="P8_ST00300" HPOS="243" VPOS="2721" WIDTH="87" HEIGHT="22" CONTENT="You've" WC="1.00" CC="020000"/>
						<SP ID="P8_SP00246" HPOS="330" VPOS="2743" WIDTH="9"/>
						<String ID="P8_ST00301" HPOS="339" VPOS="2721" WIDTH="44" HEIGHT="22" CONTENT="had" WC="1.00" CC="000"/>
						<SP ID="P8_SP00247" HPOS="383" VPOS="2743" WIDTH="9"/>
						<String ID="P8_ST00302" HPOS="392" VPOS="2721" WIDTH="15" HEIGHT="22" CONTENT="it" WC="0.98" CC="00"/>
						<SP ID="P8_SP00248" HPOS="407" VPOS="2743" WIDTH="9"/>
						<String ID="P8_ST00303" HPOS="416" VPOS="2720" WIDTH="57" HEIGHT="26" CONTENT="nice," WC="0.99" CC="03100"/>
						<SP ID="P8_SP00249" HPOS="473" VPOS="2746" WIDTH="10"/>
						<String ID="P8_ST00304" HPOS="483" VPOS="2720" WIDTH="119" HEIGHT="22" CONTENT="freshmen." WC="1.00" CC="000100000"/>
						<SP ID="P8_SP00250" HPOS="602" VPOS="2746" WIDTH="11"/>
						<String ID="P8_ST00305" HPOS="613" VPOS="2720" WIDTH="58" HEIGHT="22" CONTENT="Now" WC="0.97" CC="008"/>
					</TextLine>
					<TextLine ID="P8_TL00056" HPOS="201" VPOS="2758" WIDTH="470" HEIGHT="29">
						<String ID="P8_ST00306" HPOS="201" VPOS="2759" WIDTH="14" HEIGHT="22" CONTENT="it" WC="0.99" CC="00"/>
						<SP ID="P8_SP00251" HPOS="215" VPOS="2781" WIDTH="18"/>
						<String ID="P8_ST00307" HPOS="233" VPOS="2759" WIDTH="52" HEIGHT="21" CONTENT="kind" WC="0.99" CC="0500"/>
						<SP ID="P8_SP00252" HPOS="285" VPOS="2781" WIDTH="17"/>
						<String ID="P8_ST00308" HPOS="302" VPOS="2758" WIDTH="28" HEIGHT="23" CONTENT="of" WC="0.71" CC="50"/>
						<SP ID="P8_SP00253" HPOS="330" VPOS="2781" WIDTH="15"/>
						<String ID="P8_ST00309" HPOS="345" VPOS="2765" WIDTH="74" HEIGHT="16" CONTENT="seems" WC="1.00" CC="02000"/>
						<SP ID="P8_SP00254" HPOS="419" VPOS="2781" WIDTH="19"/>
						<String ID="P8_ST00310" HPOS="438" VPOS="2758" WIDTH="44" HEIGHT="22" CONTENT="like" WC="0.98" CC="0043"/>
						<SP ID="P8_SP00255" HPOS="482" VPOS="2781" WIDTH="18"/>
						<String ID="P8_ST00311" HPOS="500" VPOS="2758" WIDTH="86" HEIGHT="29" CONTENT="Loyola" WC="0.99" CC="000208"/>
						<SP ID="P8_SP00256" HPOS="586" VPOS="2787" WIDTH="17"/>
						<String ID="P8_ST00312" HPOS="603" VPOS="2758" WIDTH="39" HEIGHT="22" CONTENT="has" WC="0.99" CC="030"/>
						<SP ID="P8_SP00257" HPOS="642" VPOS="2787" WIDTH="18"/>
						<String ID="P8_ST00313" HPOS="660" VPOS="2765" WIDTH="11" HEIGHT="15" CONTENT="a" WC="0.77" CC="2"/>
					</TextLine>
					<TextLine ID="P8_TL00057" HPOS="201" VPOS="2796" WIDTH="470" HEIGHT="29">
						<String ID="P8_ST00314" HPOS="201" VPOS="2796" WIDTH="121" HEIGHT="29" CONTENT="legitimate" WC="0.99" CC="3085008000"/>
						<SP ID="P8_SP00258" HPOS="322" VPOS="2825" WIDTH="11"/>
						<String ID="P8_ST00315" HPOS="333" VPOS="2796" WIDTH="100" HEIGHT="22" CONTENT="athletics" WC="0.99" CC="505210050"/>
						<SP ID="P8_SP00259" HPOS="433" VPOS="2825" WIDTH="11"/>
						<String ID="P8_ST00316" HPOS="444" VPOS="2802" WIDTH="111" HEIGHT="23" CONTENT="program." WC="1.00" CC="00000000"/>
						<SP ID="P8_SP00260" HPOS="555" VPOS="2825" WIDTH="11"/>
						<String ID="P8_ST00317" HPOS="566" VPOS="2796" WIDTH="59" HEIGHT="22" CONTENT="With" WC="1.00" CC="0000"/>
						<SP ID="P8_SP00261" HPOS="625" VPOS="2825" WIDTH="10"/>
						<String ID="P8_ST00318" HPOS="635" VPOS="2796" WIDTH="36" HEIGHT="22" CONTENT="the" WC="0.98" CC="060"/>
					</TextLine>
					<TextLine ID="P8_TL00058" HPOS="201" VPOS="2834" WIDTH="470" HEIGHT="29">
						<String ID="P8_ST00319" HPOS="201" VPOS="2841" WIDTH="42" HEIGHT="22" CONTENT="pep" WC="1.00" CC="000"/>
						<SP ID="P8_SP00262" HPOS="243" VPOS="2863" WIDTH="10"/>
						<String ID="P8_ST00320" HPOS="253" VPOS="2835" WIDTH="59" HEIGHT="22" CONTENT="band" WC="0.98" CC="0900"/>
						<SP ID="P8_SP00263" HPOS="312" VPOS="2863" WIDTH="11"/>
						<String ID="P8_ST00321" HPOS="323" VPOS="2839" WIDTH="35" HEIGHT="21" CONTENT="(or" WC="0.98" CC="400"/>
						<SP ID="P8_SP00264" HPOS="358" VPOS="2863" WIDTH="9"/>
						<String ID="P8_ST00322" HPOS="367" VPOS="2834" WIDTH="81" HEIGHT="23" CONTENT="should" WC="0.99" CC="005100"/>
						<SP ID="P8_SP00265" HPOS="448" VPOS="2863" WIDTH="12"/>
						<String ID="P8_ST00323" HPOS="460" VPOS="2834" WIDTH="6" HEIGHT="22" CONTENT="I" WC="0.38" CC="6"/>
						<SP ID="P8_SP00266" HPOS="466" VPOS="2863" WIDTH="12"/>
						<String ID="P8_ST00324" HPOS="478" VPOS="2840" WIDTH="39" HEIGHT="22" CONTENT="say" WC="1.00" CC="000"/>
						<SP ID="P8_SP00267" HPOS="517" VPOS="2863" WIDTH="10"/>
						<String ID="P8_ST00325" HPOS="527" VPOS="2840" WIDTH="69" HEIGHT="17" CONTENT="cover" WC="1.00" CC="20000"/>
						<SP ID="P8_SP00268" HPOS="596" VPOS="2863" WIDTH="9"/>
						<String ID="P8_ST00326" HPOS="605" VPOS="2834" WIDTH="66" HEIGHT="24" CONTENT="band," WC="0.99" CC="22000"/>
					</TextLine>
					<TextLine ID="P8_TL00059" HPOS="200" VPOS="2872" WIDTH="471" HEIGHT="29">
						<String ID="P8_ST00327" HPOS="200" VPOS="2873" WIDTH="95" HEIGHT="22" CONTENT="because" WC="0.99" CC="5020002"/>
						<SP ID="P8_SP00269" HPOS="295" VPOS="2895" WIDTH="24"/>
						<String ID="P8_ST00328" HPOS="319" VPOS="2872" WIDTH="52" HEIGHT="29" CONTENT="they" WC="0.98" CC="0520"/>
						<SP ID="P8_SP00270" HPOS="371" VPOS="2901" WIDTH="24"/>
						<String ID="P8_ST00329" HPOS="395" VPOS="2872" WIDTH="81" HEIGHT="29" CONTENT="mostly" WC="1.00" CC="050000"/>
						<SP ID="P8_SP00271" HPOS="476" VPOS="2901" WIDTH="24"/>
						<String ID="P8_ST00330" HPOS="500" VPOS="2872" WIDTH="51" HEIGHT="29" CONTENT="play" WC="1.00" CC="0000"/>
						<SP ID="P8_SP00272" HPOS="551" VPOS="2901" WIDTH="23"/>
						<String ID="P8_ST00331" HPOS="574" VPOS="2872" WIDTH="97" HEIGHT="29" CONTENT="existing" WC="1.00" CC="00200020"/>
					</TextLine>
					<TextLine ID="P8_TL00060" HPOS="200" VPOS="2910" WIDTH="470" HEIGHT="29">
						<String ID="P8_ST00332" HPOS="200" VPOS="2917" WIDTH="68" HEIGHT="22" CONTENT="songs" WC="1.00" CC="00100"/>
						<SP ID="P8_SP00273" HPOS="268" VPOS="2939" WIDTH="15"/>
						<String ID="P8_ST00333" HPOS="283" VPOS="2917" WIDTH="23" HEIGHT="15" CONTENT="as" WC="1.00" CC="00"/>
						<SP ID="P8_SP00274" HPOS="306" VPOS="2939" WIDTH="15"/>
						<String ID="P8_ST00334" HPOS="321" VPOS="2910" WIDTH="102" HEIGHT="29" CONTENT="opposed" WC="0.99" CC="5007000"/>
						<SP ID="P8_SP00275" HPOS="423" VPOS="2939" WIDTH="15"/>
						<String ID="P8_ST00335" HPOS="438" VPOS="2913" WIDTH="23" HEIGHT="19" CONTENT="to" WC="0.67" CC="60"/>
						<SP ID="P8_SP00276" HPOS="461" VPOS="2939" WIDTH="14"/>
						<String ID="P8_ST00336" HPOS="475" VPOS="2910" WIDTH="55" HEIGHT="29" CONTENT="fight" WC="0.99" CC="00050"/>
						<SP ID="P8_SP00277" HPOS="530" VPOS="2939" WIDTH="14"/>
						<String ID="P8_ST00337" HPOS="544" VPOS="2917" WIDTH="69" HEIGHT="22" CONTENT="songs" WC="0.99" CC="00050"/>
						<SP ID="P8_SP00278" HPOS="613" VPOS="2939" WIDTH="14"/>
						<String ID="P8_ST00338" HPOS="627" VPOS="2910" WIDTH="43" HEIGHT="22" CONTENT="and" WC="0.99" CC="300"/>
					</TextLine>
					<TextLine ID="P8_TL00061" HPOS="199" VPOS="2947" WIDTH="472" HEIGHT="26">
						<String ID="P8_ST00339" HPOS="199" VPOS="2948" WIDTH="96" HEIGHT="25" CONTENT="chants)," WC="1.00" CC="00000700"/>
						<SP ID="P8_SP00279" HPOS="295" VPOS="2973" WIDTH="17"/>
						<String ID="P8_ST00340" HPOS="312" VPOS="2948" WIDTH="43" HEIGHT="22" CONTENT="and" WC="1.00" CC="000"/>
						<SP ID="P8_SP00280" HPOS="355" VPOS="2973" WIDTH="17"/>
						<String ID="P8_ST00341" HPOS="372" VPOS="2948" WIDTH="35" HEIGHT="22" CONTENT="the" WC="1.00" CC="000"/>
						<SP ID="P8_SP00281" HPOS="407" VPOS="2973" WIDTH="18"/>
						<String ID="P8_ST00342" HPOS="425" VPOS="2948" WIDTH="96" HEIGHT="22" CONTENT="Maroon" WC="0.99" CC="000070"/>
						<SP ID="P8_SP00282" HPOS="521" VPOS="2973" WIDTH="18"/>
						<String ID="P8_ST00343" HPOS="539" VPOS="2948" WIDTH="99" HEIGHT="25" CONTENT="Platoon," WC="1.00" CC="30000200"/>
						<SP ID="P8_SP00283" HPOS="638" VPOS="2973" WIDTH="18"/>
						<String ID="P8_ST00344" HPOS="656" VPOS="2947" WIDTH="15" HEIGHT="22" CONTENT="it" WC="1.00" CC="00"/>
					</TextLine>
					<TextLine ID="P8_TL00062" HPOS="200" VPOS="2985" WIDTH="470" HEIGHT="29">
						<String ID="P8_ST00345" HPOS="200" VPOS="2992" WIDTH="74" HEIGHT="15" CONTENT="seems" WC="0.99" CC="02400"/>
						<SP ID="P8_SP00284" HPOS="274" VPOS="3007" WIDTH="17"/>
						<String ID="P8_ST00346" HPOS="291" VPOS="2985" WIDTH="44" HEIGHT="22" CONTENT="like" WC="0.98" CC="6500"/>
						<SP ID="P8_SP00285" HPOS="335" VPOS="3007" WIDTH="18"/>
						<String ID="P8_ST00347" HPOS="353" VPOS="2985" WIDTH="86" HEIGHT="29" CONTENT="Loyola" WC="0.99" CC="060060"/>
						<SP ID="P8_SP00286" HPOS="439" VPOS="3014" WIDTH="17"/>
						<String ID="P8_ST00348" HPOS="456" VPOS="2985" WIDTH="101" HEIGHT="23" CONTENT="athletics" WC="0.99" CC="020200360"/>
						<SP ID="P8_SP00287" HPOS="557" VPOS="3014" WIDTH="17"/>
						<String ID="P8_ST00349" HPOS="574" VPOS="2985" WIDTH="96" HEIGHT="29" CONTENT="actually" WC="1.00" CC="06000000"/>
					</TextLine>
					<TextLine ID="P8_TL00063" HPOS="201" VPOS="3023" WIDTH="469" HEIGHT="24">
						<String ID="P8_ST00350" HPOS="201" VPOS="3028" WIDTH="80" HEIGHT="17" CONTENT="matter." WC="0.99" CC="6004000"/>
						<SP ID="P8_SP00288" HPOS="281" VPOS="3045" WIDTH="31"/>
						<String ID="P8_ST00351" HPOS="312" VPOS="3023" WIDTH="42" HEIGHT="22" CONTENT="But" WC="1.00" CC="000"/>
						<SP ID="P8_SP00289" HPOS="354" VPOS="3045" WIDTH="29"/>
						<String ID="P8_ST00352" HPOS="383" VPOS="3030" WIDTH="56" HEIGHT="17" CONTENT="now," WC="0.99" CC="3300"/>
						<SP ID="P8_SP00290" HPOS="439" VPOS="3047" WIDTH="29"/>
						<String ID="P8_ST00353" HPOS="468" VPOS="3023" WIDTH="53" HEIGHT="22" CONTENT="with" WC="0.98" CC="8000"/>
						<SP ID="P8_SP00291" HPOS="521" VPOS="3047" WIDTH="28"/>
						<String ID="P8_ST00354" HPOS="549" VPOS="3023" WIDTH="28" HEIGHT="22" CONTENT="all" WC="1.00" CC="000"/>
						<SP ID="P8_SP00292" HPOS="577" VPOS="3047" WIDTH="29"/>
						<String ID="P8_ST00355" HPOS="606" VPOS="3023" WIDTH="64" HEIGHT="22" CONTENT="those" WC="1.00" CC="00200"/>
					</TextLine>
					<TextLine ID="P8_TL00064" HPOS="200" VPOS="3061" WIDTH="469" HEIGHT="25">
						<String ID="P8_ST00356" HPOS="200" VPOS="3061" WIDTH="118" HEIGHT="25" CONTENT="additions," WC="0.99" CC="0007045220"/>
						<SP ID="P8_SP00293" HPOS="318" VPOS="3086" WIDTH="10"/>
						<String ID="P8_ST00357" HPOS="328" VPOS="3061" WIDTH="36" HEIGHT="22" CONTENT="the" WC="0.98" CC="400"/>
						<SP ID="P8_SP00294" HPOS="364" VPOS="3086" WIDTH="10"/>
						<String ID="P8_ST00358" HPOS="374" VPOS="3061" WIDTH="153" HEIGHT="22" CONTENT="cheerleaders" WC="1.00" CC="000000010000"/>
						<SP ID="P8_SP00295" HPOS="527" VPOS="3086" WIDTH="11"/>
						<String ID="P8_ST00359" HPOS="538" VPOS="3061" WIDTH="55" HEIGHT="22" CONTENT="have" WC="1.00" CC="0000"/>
						<SP ID="P8_SP00296" HPOS="593" VPOS="3086" WIDTH="11"/>
						<String ID="P8_ST00360" HPOS="604" VPOS="3061" WIDTH="65" HEIGHT="22" CONTENT="taken" WC="0.99" CC="42000"/>
					</TextLine>
					<TextLine ID="P8_TL00065" HPOS="200" VPOS="3099" WIDTH="470" HEIGHT="23">
						<String ID="P8_ST00361" HPOS="200" VPOS="3105" WIDTH="12" HEIGHT="16" CONTENT="a" WC="1.00" CC="0"/>
						<SP ID="P8_SP00297" HPOS="212" VPOS="3121" WIDTH="10"/>
						<String ID="P8_ST00362" HPOS="222" VPOS="3105" WIDTH="48" HEIGHT="16" CONTENT="new" WC="0.96" CC="019"/>
						<SP ID="P8_SP00298" HPOS="270" VPOS="3121" WIDTH="10"/>
						<String ID="P8_ST00363" HPOS="280" VPOS="3099" WIDTH="53" HEIGHT="22" CONTENT="role:" WC="0.97" CC="75703"/>
						<SP ID="P8_SP00299" HPOS="333" VPOS="3121" WIDTH="11"/>
						<String ID="P8_ST00364" HPOS="344" VPOS="3100" WIDTH="67" HEIGHT="22" CONTENT="cheer" WC="1.00" CC="00200"/>
						<SP ID="P8_SP00300" HPOS="411" VPOS="3122" WIDTH="8"/>
						<String ID="P8_ST00365" HPOS="419" VPOS="3099" WIDTH="121" HEIGHT="22" CONTENT="followers." WC="1.00" CC="0023040000"/>
						<SP ID="P8_SP00301" HPOS="540" VPOS="3122" WIDTH="12"/>
						<String ID="P8_ST00366" HPOS="552" VPOS="3099" WIDTH="36" HEIGHT="22" CONTENT="It's" WC="0.98" CC="0530"/>
						<SP ID="P8_SP00302" HPOS="588" VPOS="3122" WIDTH="10"/>
						<String ID="P8_ST00367" HPOS="598" VPOS="3099" WIDTH="40" HEIGHT="22" CONTENT="sad" WC="1.00" CC="000"/>
						<SP ID="P8_SP00303" HPOS="638" VPOS="3122" WIDTH="9"/>
						<String ID="P8_ST00368" HPOS="647" VPOS="3103" WIDTH="23" HEIGHT="18" CONTENT="to" WC="1.00" CC="00"/>
					</TextLine>
					<TextLine ID="P8_TL00066" HPOS="200" VPOS="3137" WIDTH="470" HEIGHT="29">
						<String ID="P8_ST00369" HPOS="200" VPOS="3144" WIDTH="37" HEIGHT="15" CONTENT="see" WC="1.00" CC="000"/>
						<SP ID="P8_SP00304" HPOS="237" VPOS="3159" WIDTH="11"/>
						<String ID="P8_ST00370" HPOS="248" VPOS="3137" WIDTH="60" HEIGHT="22" CONTENT="them" WC="1.00" CC="0000"/>
						<SP ID="P8_SP00305" HPOS="308" VPOS="3159" WIDTH="11"/>
						<String ID="P8_ST00371" HPOS="319" VPOS="3144" WIDTH="30" HEIGHT="22" CONTENT="go" WC="1.00" CC="00"/>
						<SP ID="P8_SP00306" HPOS="349" VPOS="3166" WIDTH="11"/>
						<String ID="P8_ST00372" HPOS="360" VPOS="3137" WIDTH="57" HEIGHT="22" CONTENT="from" WC="0.99" CC="0050"/>
						<SP ID="P8_SP00307" HPOS="417" VPOS="3166" WIDTH="12"/>
						<String ID="P8_ST00373" HPOS="429" VPOS="3137" WIDTH="71" HEIGHT="29" CONTENT="riding" WC="0.99" CC="020040"/>
						<SP ID="P8_SP00308" HPOS="500" VPOS="3166" WIDTH="11"/>
						<String ID="P8_ST00374" HPOS="511" VPOS="3137" WIDTH="125" HEIGHT="29" CONTENT='"shotgun"' WC="0.99" CC="700450004"/>
						<SP ID="P8_SP00309" HPOS="636" VPOS="3166" WIDTH="11"/>
						<String ID="P8_ST00375" HPOS="647" VPOS="3141" WIDTH="23" HEIGHT="18" CONTENT="to" WC="1.00" CC="00"/>
					</TextLine>
					<TextLine ID="P8_TL00067" HPOS="200" VPOS="3174" WIDTH="469" HEIGHT="30">
						<String ID="P8_ST00376" HPOS="200" VPOS="3174" WIDTH="68" HEIGHT="29" CONTENT="going" WC="0.99" CC="00450"/>
						<SP ID="P8_SP00310" HPOS="268" VPOS="3203" WIDTH="14"/>
						<String ID="P8_ST00377" HPOS="282" VPOS="3174" WIDTH="28" HEIGHT="22" CONTENT="all" WC="1.00" CC="000"/>
						<SP ID="P8_SP00311" HPOS="310" VPOS="3203" WIDTH="14"/>
						<String ID="P8_ST00378" HPOS="324" VPOS="3175" WIDTH="36" HEIGHT="22" CONTENT="the" WC="0.99" CC="002"/>
						<SP ID="P8_SP00312" HPOS="360" VPOS="3203" WIDTH="15"/>
						<String ID="P8_ST00379" HPOS="375" VPOS="3182" WIDTH="48" HEIGHT="22" CONTENT="way" WC="1.00" CC="000"/>
						<SP ID="P8_SP00313" HPOS="423" VPOS="3204" WIDTH="15"/>
						<String ID="P8_ST00380" HPOS="438" VPOS="3178" WIDTH="23" HEIGHT="19" CONTENT="to" WC="0.77" CC="40"/>
						<SP ID="P8_SP00314" HPOS="461" VPOS="3204" WIDTH="13"/>
						<String ID="P8_ST00381" HPOS="474" VPOS="3175" WIDTH="36" HEIGHT="22" CONTENT="the" WC="0.99" CC="003"/>
						<SP ID="P8_SP00315" HPOS="510" VPOS="3204" WIDTH="15"/>
						<String ID="P8_ST00382" HPOS="525" VPOS="3175" WIDTH="55" HEIGHT="22" CONTENT="back" WC="0.98" CC="6030"/>
						<SP ID="P8_SP00316" HPOS="580" VPOS="3204" WIDTH="14"/>
						<String ID="P8_ST00383" HPOS="594" VPOS="3174" WIDTH="27" HEIGHT="22" CONTENT="of" WC="0.69" CC="60"/>
						<SP ID="P8_SP00317" HPOS="621" VPOS="3204" WIDTH="11"/>
						<String ID="P8_ST00384" HPOS="632" VPOS="3174" WIDTH="37" HEIGHT="23" CONTENT="the" WC="0.96" CC="433"/>
					</TextLine>
					<TextLine ID="P8_TL00068" HPOS="200" VPOS="3212" WIDTH="468" HEIGHT="29">
						<String ID="P8_ST00385" HPOS="200" VPOS="3212" WIDTH="46" HEIGHT="22" CONTENT="bus." WC="0.98" CC="0090"/>
						<SP ID="P8_SP00318" HPOS="246" VPOS="3234" WIDTH="21"/>
						<String ID="P8_ST00386" HPOS="267" VPOS="3212" WIDTH="42" HEIGHT="22" CONTENT="But" WC="1.00" CC="000"/>
						<SP ID="P8_SP00319" HPOS="309" VPOS="3234" WIDTH="19"/>
						<String ID="P8_ST00387" HPOS="328" VPOS="3212" WIDTH="51" HEIGHT="22" CONTENT="who" WC="0.96" CC="802"/>
						<SP ID="P8_SP00320" HPOS="379" VPOS="3234" WIDTH="17"/>
						<String ID="P8_ST00388" HPOS="396" VPOS="3219" WIDTH="70" HEIGHT="18" CONTENT="cares," WC="1.00" CC="130000"/>
						<SP ID="P8_SP00321" HPOS="466" VPOS="3237" WIDTH="18"/>
						<String ID="P8_ST00389" HPOS="484" VPOS="3212" WIDTH="71" HEIGHT="29" CONTENT="right?" WC="0.98" CC="029050"/>
						<SP ID="P8_SP00322" HPOS="555" VPOS="3241" WIDTH="16"/>
						<String ID="P8_ST00390" HPOS="571" VPOS="3212" WIDTH="97" HEIGHT="29" CONTENT="They're" WC="1.00" CC="0000200"/>
					</TextLine>
					<TextLine ID="P8_TL00069" HPOS="199" VPOS="3249" WIDTH="220" HEIGHT="29">
						<String ID="P8_ST00391" HPOS="199" VPOS="3249" WIDTH="52" HEIGHT="29" CONTENT="only" WC="0.98" CC="9010"/>
						<SP ID="P8_SP00323" HPOS="251" VPOS="3278" WIDTH="10"/>
						<String ID="P8_ST00392" HPOS="261" VPOS="3250" WIDTH="158" HEIGHT="22" CONTENT="cheerleaders." WC="1.00" CC="0000000070040"/>
					</TextLine>
					<TextLine ID="P8_TL00070" HPOS="240" VPOS="3288" WIDTH="427" HEIGHT="26">
						<String ID="P8_ST00393" HPOS="240" VPOS="3288" WIDTH="64" HEIGHT="26" CONTENT="Also," WC="0.98" CC="06550"/>
						<SP ID="P8_SP00324" HPOS="304" VPOS="3314" WIDTH="19"/>
						<String ID="P8_ST00394" HPOS="323" VPOS="3288" WIDTH="34" HEIGHT="22" CONTENT="it's" WC="1.00" CC="0010"/>
						<SP ID="P8_SP00325" HPOS="357" VPOS="3314" WIDTH="17"/>
						<String ID="P8_ST00395" HPOS="374" VPOS="3288" WIDTH="53" HEIGHT="22" CONTENT="hard" WC="1.00" CC="0000"/>
						<SP ID="P8_SP00326" HPOS="427" VPOS="3314" WIDTH="17"/>
						<String ID="P8_ST00396" HPOS="444" VPOS="3292" WIDTH="22" HEIGHT="18" CONTENT="to" WC="0.78" CC="04"/>
						<SP ID="P8_SP00327" HPOS="466" VPOS="3314" WIDTH="17"/>
						<String ID="P8_ST00397" HPOS="483" VPOS="3288" WIDTH="56" HEIGHT="22" CONTENT="have" WC="0.99" CC="0300"/>
						<SP ID="P8_SP00328" HPOS="539" VPOS="3314" WIDTH="17"/>
						<String ID="P8_ST00398" HPOS="556" VPOS="3292" WIDTH="23" HEIGHT="18" CONTENT="to" WC="0.66" CC="23"/>
						<SP ID="P8_SP00329" HPOS="579" VPOS="3314" WIDTH="17"/>
						<String ID="P8_ST00399" HPOS="596" VPOS="3288" WIDTH="71" HEIGHT="22" CONTENT="watch" WC="0.98" CC="90302"/>
					</TextLine>
					<TextLine ID="P8_TL00071" HPOS="198" VPOS="3326" WIDTH="469" HEIGHT="28">
						<String ID="P8_ST00400" HPOS="198" VPOS="3326" WIDTH="36" HEIGHT="22" CONTENT="the" WC="0.99" CC="002"/>
						<SP ID="P8_SP00330" HPOS="234" VPOS="3348" WIDTH="16"/>
						<String ID="P8_ST00401" HPOS="250" VPOS="3332" WIDTH="65" HEIGHT="22" CONTENT="game" WC="0.98" CC="0080"/>
						<SP ID="P8_SP00331" HPOS="315" VPOS="3354" WIDTH="17"/>
						<String ID="P8_ST00402" HPOS="332" VPOS="3326" WIDTH="35" HEIGHT="22" CONTENT="for" WC="0.97" CC="250"/>
						<SP ID="P8_SP00332" HPOS="367" VPOS="3354" WIDTH="15"/>
						<String ID="P8_ST00403" HPOS="382" VPOS="3332" WIDTH="13" HEIGHT="16" CONTENT="a" WC="1.00" CC="0"/>
						<SP ID="P8_SP00333" HPOS="395" VPOS="3354" WIDTH="16"/>
						<String ID="P8_ST00404" HPOS="411" VPOS="3326" WIDTH="39" HEIGHT="22" CONTENT="full" WC="0.99" CC="6000"/>
						<SP ID="P8_SP00334" HPOS="450" VPOS="3354" WIDTH="16"/>
						<String ID="P8_ST00405" HPOS="466" VPOS="3326" WIDTH="30" HEIGHT="22" CONTENT="40" WC="0.65" CC="06"/>
						<SP ID="P8_SP00335" HPOS="496" VPOS="3354" WIDTH="17"/>
						<String ID="P8_ST00406" HPOS="513" VPOS="3326" WIDTH="96" HEIGHT="22" CONTENT="minutes" WC="1.00" CC="0000600"/>
						<SP ID="P8_SP00336" HPOS="609" VPOS="3354" WIDTH="16"/>
						<String ID="P8_ST00407" HPOS="625" VPOS="3326" WIDTH="42" HEIGHT="22" CONTENT="and" WC="1.00" CC="000"/>
					</TextLine>
					<TextLine ID="P8_TL00072" HPOS="198" VPOS="3363" WIDTH="469" HEIGHT="30">
						<String ID="P8_ST00408" HPOS="198" VPOS="3364" WIDTH="36" HEIGHT="22" CONTENT="the" WC="0.99" CC="002"/>
						<SP ID="P8_SP00337" HPOS="234" VPOS="3386" WIDTH="16"/>
						<String ID="P8_ST00409" HPOS="250" VPOS="3364" WIDTH="155" HEIGHT="22" CONTENT='"shewolves"' WC="0.84" CC="30008000014"/>
						<SP ID="P8_SP00338" HPOS="405" VPOS="3386" WIDTH="17"/>
						<String ID="P8_ST00410" HPOS="422" VPOS="3364" WIDTH="92" HEIGHT="29" CONTENT="provide" WC="1.00" CC="0000200"/>
						<SP ID="P8_SP00339" HPOS="514" VPOS="3393" WIDTH="17"/>
						<String ID="P8_ST00411" HPOS="531" VPOS="3364" WIDTH="35" HEIGHT="22" CONTENT="the" WC="1.00" CC="000"/>
						<SP ID="P8_SP00340" HPOS="566" VPOS="3393" WIDTH="17"/>
						<String ID="P8_ST00412" HPOS="583" VPOS="3363" WIDTH="84" HEIGHT="30" CONTENT="perfect" WC="0.99" CC="0200506"/>
					</TextLine>
					<TextLine ID="P8_TL00073" HPOS="197" VPOS="3401" WIDTH="470" HEIGHT="29">
						<String ID="P8_ST00413" HPOS="197" VPOS="3401" WIDTH="135" HEIGHT="22" CONTENT="distraction." WC="1.00" CC="700100013340"/>
						<SP ID="P8_SP00341" HPOS="332" VPOS="3423" WIDTH="13"/>
						<String ID="P8_ST00414" HPOS="345" VPOS="3402" WIDTH="43" HEIGHT="21" CONTENT="But" WC="0.97" CC="024"/>
						<SP ID="P8_SP00342" HPOS="388" VPOS="3423" WIDTH="12"/>
						<String ID="P8_ST00415" HPOS="400" VPOS="3401" WIDTH="28" HEIGHT="22" CONTENT="let" WC="1.00" CC="000"/>
						<SP ID="P8_SP00343" HPOS="428" VPOS="3423" WIDTH="13"/>
						<String ID="P8_ST00416" HPOS="441" VPOS="3408" WIDTH="35" HEIGHT="15" CONTENT="me" WC="0.88" CC="02"/>
						<SP ID="P8_SP00344" HPOS="476" VPOS="3423" WIDTH="12"/>
						<String ID="P8_ST00417" HPOS="488" VPOS="3401" WIDTH="46" HEIGHT="29" CONTENT="quit" WC="0.97" CC="9200"/>
						<SP ID="P8_SP00345" HPOS="534" VPOS="3430" WIDTH="12"/>
						<String ID="P8_ST00418" HPOS="546" VPOS="3401" WIDTH="66" HEIGHT="22" CONTENT="while" WC="0.98" CC="03225"/>
						<SP ID="P8_SP00346" HPOS="612" VPOS="3430" WIDTH="14"/>
						<String ID="P8_ST00419" HPOS="626" VPOS="3401" WIDTH="41" HEIGHT="22" CONTENT="I'm" WC="0.96" CC="009"/>
					</TextLine>
					<TextLine ID="P8_TL00074" HPOS="197" VPOS="3439" WIDTH="470" HEIGHT="28">
						<String ID="P8_ST00420" HPOS="197" VPOS="3439" WIDTH="78" HEIGHT="24" CONTENT="ahead," WC="1.00" CC="000000"/>
						<SP ID="P8_SP00347" HPOS="275" VPOS="3463" WIDTH="20"/>
						<String ID="P8_ST00421" HPOS="295" VPOS="3439" WIDTH="95" HEIGHT="22" CONTENT="because" WC="1.00" CC="0100110"/>
						<SP ID="P8_SP00348" HPOS="390" VPOS="3463" WIDTH="20"/>
						<String ID="P8_ST00422" HPOS="410" VPOS="3439" WIDTH="14" HEIGHT="22" CONTENT="it" WC="0.69" CC="06"/>
						<SP ID="P8_SP00349" HPOS="424" VPOS="3463" WIDTH="20"/>
						<String ID="P8_ST00423" HPOS="444" VPOS="3439" WIDTH="109" HEIGHT="22" CONTENT="wouldn't" WC="0.99" CC="00550030"/>
						<SP ID="P8_SP00350" HPOS="553" VPOS="3463" WIDTH="18"/>
						<String ID="P8_ST00424" HPOS="571" VPOS="3439" WIDTH="96" HEIGHT="28" CONTENT="surprise" WC="1.00" CC="00000000"/>
					</TextLine>
					<TextLine ID="P8_TL00075" HPOS="198" VPOS="3476" WIDTH="469" HEIGHT="29">
						<String ID="P8_ST00425" HPOS="198" VPOS="3483" WIDTH="36" HEIGHT="15" CONTENT="me" WC="1.00" CC="00"/>
						<SP ID="P8_SP00351" HPOS="234" VPOS="3498" WIDTH="9"/>
						<String ID="P8_ST00426" HPOS="243" VPOS="3476" WIDTH="19" HEIGHT="22" CONTENT="if" WC="1.00" CC="00"/>
						<SP ID="P8_SP00352" HPOS="262" VPOS="3498" WIDTH="6"/>
						<String ID="P8_ST00427" HPOS="268" VPOS="3476" WIDTH="100" HEIGHT="23" CONTENT="athletics" WC="1.00" CC="000000050"/>
						<SP ID="P8_SP00353" HPOS="368" VPOS="3499" WIDTH="9"/>
						<String ID="P8_ST00428" HPOS="377" VPOS="3477" WIDTH="109" HEIGHT="28" CONTENT="suddenly" WC="1.00" CC="00002000"/>
						<SP ID="P8_SP00354" HPOS="486" VPOS="3505" WIDTH="8"/>
						<String ID="P8_ST00429" HPOS="494" VPOS="3476" WIDTH="50" HEIGHT="23" CONTENT="tells" WC="1.00" CC="00000"/>
						<SP ID="P8_SP00355" HPOS="544" VPOS="3505" WIDTH="8"/>
						<String ID="P8_ST00430" HPOS="552" VPOS="3476" WIDTH="36" HEIGHT="23" CONTENT="the" WC="1.00" CC="000"/>
						<SP ID="P8_SP00356" HPOS="588" VPOS="3505" WIDTH="9"/>
						<String ID="P8_ST00431" HPOS="597" VPOS="3476" WIDTH="70" HEIGHT="29" CONTENT="squad" WC="1.00" CC="01000"/>
					</TextLine>
					<TextLine ID="P8_TL00076" HPOS="197" VPOS="3514" WIDTH="469" HEIGHT="28">
						<String ID="P8_ST00432" HPOS="197" VPOS="3514" WIDTH="51" HEIGHT="28" CONTENT="they" WC="1.00" CC="0000"/>
						<SP ID="P8_SP00357" HPOS="248" VPOS="3542" WIDTH="14"/>
						<String ID="P8_ST00433" HPOS="262" VPOS="3514" WIDTH="56" HEIGHT="22" CONTENT="have" WC="0.97" CC="6900"/>
						<SP ID="P8_SP00358" HPOS="318" VPOS="3542" WIDTH="13"/>
						<String ID="P8_ST00434" HPOS="331" VPOS="3519" WIDTH="23" HEIGHT="17" CONTENT="to" WC="0.87" CC="20"/>
						<SP ID="P8_SP00359" HPOS="354" VPOS="3542" WIDTH="13"/>
						<String ID="P8_ST00435" HPOS="367" VPOS="3514" WIDTH="66" HEIGHT="22" CONTENT="travel" WC="1.00" CC="000000"/>
						<SP ID="P8_SP00360" HPOS="433" VPOS="3542" WIDTH="14"/>
						<String ID="P8_ST00436" HPOS="447" VPOS="3519" WIDTH="23" HEIGHT="17" CONTENT="to" WC="0.82" CC="30"/>
						<SP ID="P8_SP00361" HPOS="470" VPOS="3542" WIDTH="13"/>
						<String ID="P8_ST00437" HPOS="483" VPOS="3514" WIDTH="35" HEIGHT="22" CONTENT="the" WC="1.00" CC="000"/>
						<SP ID="P8_SP00362" HPOS="518" VPOS="3542" WIDTH="14"/>
						<String ID="P8_ST00438" HPOS="532" VPOS="3514" WIDTH="58" HEIGHT="22" CONTENT="West" WC="1.00" CC="0001"/>
						<SP ID="P8_SP00363" HPOS="590" VPOS="3542" WIDTH="14"/>
						<String ID="P8_ST00439" HPOS="604" VPOS="3514" WIDTH="62" HEIGHT="22" CONTENT="Bank" WC="0.99" CC="0030"/>
					</TextLine>
					<TextLine ID="P8_TL00077" HPOS="197" VPOS="3553" WIDTH="468" HEIGHT="27">
						<String ID="P8_ST00440" HPOS="197" VPOS="3556" WIDTH="23" HEIGHT="18" CONTENT="to" WC="1.00" CC="00"/>
						<SP ID="P8_SP00364" HPOS="220" VPOS="3574" WIDTH="13"/>
						<String ID="P8_ST00441" HPOS="233" VPOS="3553" WIDTH="67" HEIGHT="22" CONTENT="cheer" WC="0.98" CC="50520"/>
						<SP ID="P8_SP00365" HPOS="300" VPOS="3575" WIDTH="12"/>
						<String ID="P8_ST00442" HPOS="312" VPOS="3556" WIDTH="21" HEIGHT="18" CONTENT="at" WC="1.00" CC="00"/>
						<SP ID="P8_SP00366" HPOS="333" VPOS="3575" WIDTH="13"/>
						<String ID="P8_ST00443" HPOS="346" VPOS="3553" WIDTH="36" HEIGHT="22" CONTENT="the" WC="0.98" CC="302"/>
						<SP ID="P8_SP00367" HPOS="382" VPOS="3575" WIDTH="14"/>
						<String ID="P8_ST00444" HPOS="396" VPOS="3553" WIDTH="98" HEIGHT="22" CONTENT="baseball" WC="0.99" CC="50037000"/>
						<SP ID="P8_SP00368" HPOS="494" VPOS="3575" WIDTH="14"/>
						<String ID="P8_ST00445" HPOS="508" VPOS="3559" WIDTH="78" HEIGHT="21" CONTENT="games" WC="0.99" CC="07000"/>
						<SP ID="P8_SP00369" HPOS="586" VPOS="3580" WIDTH="13"/>
						<String ID="P8_ST00446" HPOS="599" VPOS="3553" WIDTH="66" HEIGHT="26" CONTENT="(even" WC="1.00" CC="00021"/>
					</TextLine>
					<TextLine ID="P8_TL00078" HPOS="197" VPOS="3590" WIDTH="468" HEIGHT="29">
						<String ID="P8_ST00447" HPOS="197" VPOS="3590" WIDTH="84" HEIGHT="29" CONTENT="though" WC="1.00" CC="003000"/>
						<SP ID="P8_SP00370" HPOS="281" VPOS="3619" WIDTH="31"/>
						<String ID="P8_ST00448" HPOS="312" VPOS="3597" WIDTH="112" HEIGHT="22" CONTENT="everyone" WC="1.00" CC="00000500"/>
						<SP ID="P8_SP00371" HPOS="424" VPOS="3619" WIDTH="32"/>
						<String ID="P8_ST00449" HPOS="456" VPOS="3590" WIDTH="79" HEIGHT="22" CONTENT="knows" WC="1.00" CC="01000"/>
						<SP ID="P8_SP00372" HPOS="535" VPOS="3619" WIDTH="32"/>
						<String ID="P8_ST00450" HPOS="567" VPOS="3591" WIDTH="98" HEIGHT="22" CONTENT="baseball" WC="0.99" CC="60006000"/>
					</TextLine>
					<TextLine ID="P8_TL00079" HPOS="196" VPOS="3628" WIDTH="470" HEIGHT="29">
						<String ID="P8_ST00451" HPOS="196" VPOS="3628" WIDTH="89" HEIGHT="22" CONTENT="doesn't" WC="1.00" CC="0300030"/>
						<SP ID="P8_SP00373" HPOS="285" VPOS="3650" WIDTH="9"/>
						<String ID="P8_ST00452" HPOS="294" VPOS="3628" WIDTH="56" HEIGHT="22" CONTENT="have" WC="1.00" CC="0000"/>
						<SP ID="P8_SP00374" HPOS="350" VPOS="3650" WIDTH="8"/>
						<String ID="P8_ST00453" HPOS="358" VPOS="3628" WIDTH="169" HEIGHT="24" CONTENT="cheerleaders)." WC="1.00" CC="74000000000060"/>
						<SP ID="P8_SP00375" HPOS="527" VPOS="3652" WIDTH="8"/>
						<String ID="P8_ST00454" HPOS="535" VPOS="3628" WIDTH="51" HEIGHT="22" CONTENT="And" WC="1.00" CC="000"/>
						<SP ID="P8_SP00376" HPOS="586" VPOS="3652" WIDTH="8"/>
						<String ID="P8_ST00455" HPOS="594" VPOS="3632" WIDTH="22" HEIGHT="18" CONTENT="to" WC="0.68" CC="06"/>
						<SP ID="P8_SP00377" HPOS="616" VPOS="3652" WIDTH="8"/>
						<String ID="P8_ST00456" HPOS="624" VPOS="3635" WIDTH="42" HEIGHT="22" CONTENT="cap" WC="1.00" CC="000"/>
					</TextLine>
					<TextLine ID="P8_TL00080" HPOS="198" VPOS="3665" WIDTH="469" HEIGHT="29">
						<String ID="P8_ST00457" HPOS="198" VPOS="3665" WIDTH="14" HEIGHT="22" CONTENT="it" WC="0.73" CC="50"/>
						<SP ID="P8_SP00378" HPOS="212" VPOS="3687" WIDTH="8"/>
						<String ID="P8_ST00458" HPOS="220" VPOS="3665" WIDTH="42" HEIGHT="25" CONTENT="off," WC="0.98" CC="2430"/>
						<SP ID="P8_SP00379" HPOS="262" VPOS="3690" WIDTH="8"/>
						<String ID="P8_ST00459" HPOS="270" VPOS="3665" WIDTH="51" HEIGHT="29" CONTENT="they" WC="1.00" CC="0010"/>
						<SP ID="P8_SP00380" HPOS="321" VPOS="3694" WIDTH="10"/>
						<String ID="P8_ST00460" HPOS="331" VPOS="3666" WIDTH="75" HEIGHT="22" CONTENT="would" WC="1.00" CC="00000"/>
						<SP ID="P8_SP00381" HPOS="406" VPOS="3694" WIDTH="9"/>
						<String ID="P8_ST00461" HPOS="415" VPOS="3666" WIDTH="56" HEIGHT="22" CONTENT="have" WC="1.00" CC="0200"/>
						<SP ID="P8_SP00382" HPOS="471" VPOS="3694" WIDTH="8"/>
						<String ID="P8_ST00462" HPOS="479" VPOS="3669" WIDTH="23" HEIGHT="18" CONTENT="to" WC="0.91" CC="10"/>
						<SP ID="P8_SP00383" HPOS="502" VPOS="3694" WIDTH="9"/>
						<String ID="P8_ST00463" HPOS="511" VPOS="3665" WIDTH="91" HEIGHT="29" CONTENT="provide" WC="0.99" CC="0060203"/>
						<SP ID="P8_SP00384" HPOS="602" VPOS="3694" WIDTH="9"/>
						<String ID="P8_ST00464" HPOS="611" VPOS="3666" WIDTH="56" HEIGHT="22" CONTENT="their" WC="1.00" CC="00000"/>
					</TextLine>
					<TextLine ID="P8_TL00081" HPOS="196" VPOS="3703" WIDTH="470" HEIGHT="29">
						<String ID="P8_ST00465" HPOS="196" VPOS="3710" WIDTH="51" HEIGHT="15" CONTENT="own" WC="1.00" CC="000"/>
						<SP ID="P8_SP00385" HPOS="247" VPOS="3725" WIDTH="16"/>
						<String ID="P8_ST00466" HPOS="263" VPOS="3703" WIDTH="168" HEIGHT="29" CONTENT="transportation" WC="1.00" CC="40000000000070"/>
						<SP ID="P8_SP00386" HPOS="431" VPOS="3732" WIDTH="16"/>
						<String ID="P8_ST00467" HPOS="447" VPOS="3703" WIDTH="42" HEIGHT="22" CONTENT="and" WC="1.00" CC="000"/>
						<SP ID="P8_SP00387" HPOS="489" VPOS="3732" WIDTH="16"/>
						<String ID="P8_ST00468" HPOS="505" VPOS="3710" WIDTH="42" HEIGHT="22" CONTENT="pay" WC="1.00" CC="000"/>
						<SP ID="P8_SP00388" HPOS="547" VPOS="3732" WIDTH="15"/>
						<String ID="P8_ST00469" HPOS="562" VPOS="3703" WIDTH="35" HEIGHT="22" CONTENT="for" WC="0.98" CC="400"/>
						<SP ID="P8_SP00389" HPOS="597" VPOS="3732" WIDTH="14"/>
						<String ID="P8_ST00470" HPOS="611" VPOS="3703" WIDTH="55" HEIGHT="22" CONTENT="their" WC="1.00" CC="00000"/>
					</TextLine>
					<TextLine ID="P8_TL00082" HPOS="196" VPOS="3747" WIDTH="106" HEIGHT="22">
						<String ID="P8_ST00471" HPOS="196" VPOS="3747" WIDTH="51" HEIGHT="16" CONTENT="own" WC="0.99" CC="001"/>
						<SP ID="P8_SP00390" HPOS="247" VPOS="3763" WIDTH="10"/>
						<String ID="P8_ST00472" HPOS="257" VPOS="3747" WIDTH="45" HEIGHT="22" CONTENT="gas." WC="1.00" CC="0000"/>
					</TextLine>
					<TextLine ID="P8_TL00083" HPOS="238" VPOS="3779" WIDTH="427" HEIGHT="28">
						<String ID="P8_ST00473" HPOS="238" VPOS="3779" WIDTH="31" HEIGHT="22" CONTENT="So" WC="0.52" CC="36"/>
						<SP ID="P8_SP00391" HPOS="269" VPOS="3801" WIDTH="20"/>
						<String ID="P8_ST00474" HPOS="289" VPOS="3785" WIDTH="30" HEIGHT="22" CONTENT="go" WC="0.89" CC="02"/>
						<SP ID="P8_SP00392" HPOS="319" VPOS="3807" WIDTH="20"/>
						<String ID="P8_ST00475" HPOS="339" VPOS="3779" WIDTH="78" HEIGHT="24" CONTENT="ahead," WC="0.99" CC="043000"/>
						<SP ID="P8_SP00393" HPOS="417" VPOS="3807" WIDTH="22"/>
						<String ID="P8_ST00476" HPOS="439" VPOS="3779" WIDTH="65" HEIGHT="22" CONTENT="make" WC="1.00" CC="0000"/>
						<SP ID="P8_SP00394" HPOS="504" VPOS="3807" WIDTH="21"/>
						<String ID="P8_ST00477" HPOS="525" VPOS="3779" WIDTH="39" HEIGHT="22" CONTENT="fun" WC="1.00" CC="000"/>
						<SP ID="P8_SP00395" HPOS="564" VPOS="3807" WIDTH="20"/>
						<String ID="P8_ST00478" HPOS="584" VPOS="3779" WIDTH="27" HEIGHT="22" CONTENT="of" WC="0.77" CC="40"/>
						<SP ID="P8_SP00396" HPOS="611" VPOS="3807" WIDTH="18"/>
						<String ID="P8_ST00479" HPOS="629" VPOS="3779" WIDTH="36" HEIGHT="22" CONTENT="the" WC="0.99" CC="300"/>
					</TextLine>
					<TextLine ID="P8_TL00084" HPOS="195" VPOS="3817" WIDTH="470" HEIGHT="28">
						<String ID="P8_ST00480" HPOS="195" VPOS="3817" WIDTH="159" HEIGHT="22" CONTENT="cheerleaders." WC="1.00" CC="7100000000030"/>
						<SP ID="P8_SP00397" HPOS="354" VPOS="3839" WIDTH="27"/>
						<String ID="P8_ST00481" HPOS="381" VPOS="3818" WIDTH="41" HEIGHT="21" CONTENT="But" WC="0.99" CC="002"/>
						<SP ID="P8_SP00398" HPOS="422" VPOS="3839" WIDTH="25"/>
						<String ID="P8_ST00482" HPOS="447" VPOS="3817" WIDTH="64" HEIGHT="22" CONTENT="when" WC="0.98" CC="7000"/>
						<SP ID="P8_SP00399" HPOS="511" VPOS="3839" WIDTH="25"/>
						<String ID="P8_ST00483" HPOS="536" VPOS="3817" WIDTH="51" HEIGHT="28" CONTENT="they" WC="1.00" CC="0000"/>
						<SP ID="P8_SP00400" HPOS="587" VPOS="3845" WIDTH="24"/>
						<String ID="P8_ST00484" HPOS="611" VPOS="3817" WIDTH="54" HEIGHT="28" CONTENT="quit," WC="1.00" CC="00000"/>
					</TextLine>
					<TextLine ID="P8_TL00085" HPOS="195" VPOS="3855" WIDTH="470" HEIGHT="28">
						<String ID="P8_ST00485" HPOS="195" VPOS="3855" WIDTH="62" HEIGHT="22" CONTENT="don't" WC="0.99" CC="00531"/>
						<SP ID="P8_SP00401" HPOS="257" VPOS="3877" WIDTH="11"/>
						<String ID="P8_ST00486" HPOS="268" VPOS="3855" WIDTH="120" HEIGHT="28" CONTENT="complain." WC="0.99" CC="609015550"/>
						<SP ID="P8_SP00402" HPOS="388" VPOS="3883" WIDTH="11"/>
						<String ID="P8_ST00487" HPOS="399" VPOS="3855" WIDTH="51" HEIGHT="22" CONTENT="And" WC="1.00" CC="000"/>
						<SP ID="P8_SP00403" HPOS="450" VPOS="3883" WIDTH="12"/>
						<String ID="P8_ST00488" HPOS="462" VPOS="3855" WIDTH="64" HEIGHT="22" CONTENT="when" WC="0.99" CC="0050"/>
						<SP ID="P8_SP00404" HPOS="526" VPOS="3883" WIDTH="11"/>
						<String ID="P8_ST00489" HPOS="537" VPOS="3861" WIDTH="41" HEIGHT="15" CONTENT="our" WC="0.99" CC="020"/>
						<SP ID="P8_SP00405" HPOS="578" VPOS="3883" WIDTH="10"/>
						<String ID="P8_ST00490" HPOS="588" VPOS="3861" WIDTH="77" HEIGHT="22" CONTENT="games" WC="1.00" CC="00000"/>
					</TextLine>
					<TextLine ID="P8_TL00086" HPOS="196" VPOS="3892" WIDTH="469" HEIGHT="29">
						<String ID="P8_ST00491" HPOS="196" VPOS="3899" WIDTH="61" HEIGHT="16" CONTENT="seem" WC="1.00" CC="0000"/>
						<SP ID="P8_SP00406" HPOS="257" VPOS="3915" WIDTH="16"/>
						<String ID="P8_ST00492" HPOS="273" VPOS="3892" WIDTH="42" HEIGHT="22" CONTENT="like" WC="0.98" CC="4003"/>
						<SP ID="P8_SP00407" HPOS="315" VPOS="3915" WIDTH="15"/>
						<String ID="P8_ST00493" HPOS="330" VPOS="3896" WIDTH="59" HEIGHT="25" CONTENT="petty" WC="1.00" CC="03000"/>
						<SP ID="P8_SP00408" HPOS="389" VPOS="3921" WIDTH="15"/>
						<String ID="P8_ST00494" HPOS="404" VPOS="3892" WIDTH="68" HEIGHT="29" CONTENT="youth" WC="1.00" CC="00003"/>
						<SP ID="P8_SP00409" HPOS="472" VPOS="3921" WIDTH="16"/>
						<String ID="P8_ST00495" HPOS="488" VPOS="3892" WIDTH="78" HEIGHT="29" CONTENT="league" WC="0.99" CC="000950"/>
						<SP ID="P8_SP00410" HPOS="566" VPOS="3921" WIDTH="14"/>
						<String ID="P8_ST00496" HPOS="580" VPOS="3899" WIDTH="85" HEIGHT="22" CONTENT="games," WC="1.00" CC="000000"/>
					</TextLine>
					<TextLine ID="P8_TL00087" HPOS="195" VPOS="3930" WIDTH="470" HEIGHT="29">
						<String ID="P8_ST00497" HPOS="195" VPOS="3930" WIDTH="78" HEIGHT="28" CONTENT="you're" WC="0.99" CC="060300"/>
						<SP ID="P8_SP00411" HPOS="273" VPOS="3958" WIDTH="16"/>
						<String ID="P8_ST00498" HPOS="289" VPOS="3930" WIDTH="68" HEIGHT="29" CONTENT="going" WC="0.98" CC="40008"/>
						<SP ID="P8_SP00412" HPOS="357" VPOS="3959" WIDTH="16"/>
						<String ID="P8_ST00499" HPOS="373" VPOS="3934" WIDTH="22" HEIGHT="18" CONTENT="to" WC="1.00" CC="00"/>
						<SP ID="P8_SP00413" HPOS="395" VPOS="3959" WIDTH="16"/>
						<String ID="P8_ST00500" HPOS="411" VPOS="3930" WIDTH="56" HEIGHT="22" CONTENT="wish" WC="1.00" CC="0000"/>
						<SP ID="P8_SP00414" HPOS="467" VPOS="3959" WIDTH="16"/>
						<String ID="P8_ST00501" HPOS="483" VPOS="3937" WIDTH="44" HEIGHT="22" CONTENT="you" WC="0.98" CC="023"/>
						<SP ID="P8_SP00415" HPOS="527" VPOS="3959" WIDTH="17"/>
						<String ID="P8_ST00502" HPOS="544" VPOS="3930" WIDTH="42" HEIGHT="21" CONTENT="had" WC="0.99" CC="030"/>
						<SP ID="P8_SP00416" HPOS="586" VPOS="3959" WIDTH="15"/>
						<String ID="P8_ST00503" HPOS="601" VPOS="3930" WIDTH="64" HEIGHT="21" CONTENT="those" WC="1.00" CC="00000"/>
					</TextLine>
					<TextLine ID="P8_TL00088" HPOS="195" VPOS="3967" WIDTH="470" HEIGHT="23">
						<String ID="P8_ST00504" HPOS="195" VPOS="3967" WIDTH="161" HEIGHT="23" CONTENT='"amateurish"' WC="1.00" CC="200040000006"/>
						<SP ID="P8_SP00417" HPOS="356" VPOS="3990" WIDTH="12"/>
						<String ID="P8_ST00505" HPOS="368" VPOS="3967" WIDTH="154" HEIGHT="23" CONTENT="cheerleaders" WC="1.00" CC="001300600100"/>
						<SP ID="P8_SP00418" HPOS="522" VPOS="3990" WIDTH="13"/>
						<String ID="P8_ST00506" HPOS="535" VPOS="3972" WIDTH="23" HEIGHT="17" CONTENT="to" WC="1.00" CC="00"/>
						<SP ID="P8_SP00419" HPOS="558" VPOS="3990" WIDTH="13"/>
						<String ID="P8_ST00507" HPOS="571" VPOS="3967" WIDTH="65" HEIGHT="22" CONTENT="make" WC="1.00" CC="0001"/>
						<SP ID="P8_SP00420" HPOS="636" VPOS="3990" WIDTH="14"/>
						<String ID="P8_ST00508" HPOS="650" VPOS="3967" WIDTH="15" HEIGHT="22" CONTENT="it" WC="1.00" CC="00"/>
					</TextLine>
					<TextLine ID="P8_TL00089" HPOS="195" VPOS="4005" WIDTH="201" HEIGHT="28">
						<String ID="P8_ST00509" HPOS="195" VPOS="4012" WIDTH="61" HEIGHT="16" CONTENT="seem" WC="0.99" CC="3000"/>
						<SP ID="P8_SP00421" HPOS="256" VPOS="4028" WIDTH="11"/>
						<String ID="P8_ST00510" HPOS="267" VPOS="4012" WIDTH="61" HEIGHT="16" CONTENT="more" WC="0.97" CC="8500"/>
						<SP ID="P8_SP00422" HPOS="328" VPOS="4028" WIDTH="10"/>
						<String ID="P8_ST00511" HPOS="338" VPOS="4005" WIDTH="58" HEIGHT="28" CONTENT="legit." WC="1.00" CC="000200"/>
					</TextLine>
					<TextLine ID="P8_TL00090" HPOS="230" VPOS="4078" WIDTH="397" HEIGHT="21">
						<String ID="P8_ST00512" HPOS="230" VPOS="4079" WIDTH="93" HEIGHT="20" CONTENT="Eduardo" WC="0.78" CC="0600043"/>
						<SP ID="P8_SP00423" HPOS="323" VPOS="4099" WIDTH="7"/>
						<String ID="P8_ST00513" HPOS="330" VPOS="4079" WIDTH="101" HEIGHT="20" CONTENT="Gonzales" WC="0.99" CC="50060320"/>
						<SP ID="P8_SP00424" HPOS="431" VPOS="4099" WIDTH="8"/>
						<String ID="P8_ST00514" HPOS="439" VPOS="4085" WIDTH="37" HEIGHT="14" CONTENT="can" WC="0.97" CC="600"/>
						<SP ID="P8_SP00425" HPOS="476" VPOS="4099" WIDTH="8"/>
						<String ID="P8_ST00515" HPOS="484" VPOS="4079" WIDTH="25" HEIGHT="20" CONTENT="be" WC="0.78" CC="04"/>
						<SP ID="P8_SP00426" HPOS="509" VPOS="4099" WIDTH="8"/>
						<String ID="P8_ST00516" HPOS="517" VPOS="4078" WIDTH="84" HEIGHT="21" CONTENT="reached" WC="0.98" CC="1506260"/>
						<SP ID="P8_SP00427" HPOS="601" VPOS="4099" WIDTH="9"/>
						<String ID="P8_ST00517" HPOS="610" VPOS="4082" WIDTH="17" HEIGHT="17" CONTENT="at" WC="0.68" CC="50"/>
					</TextLine>
					<TextLine ID="P8_TL00091" HPOS="315" VPOS="4112" WIDTH="227" HEIGHT="26">
						<String ID="P8_ST00518" HPOS="315" VPOS="4112" WIDTH="116" HEIGHT="26" CONTENT="ejgonzal@" WC="0.70" CC="406107006"/>
						<SP ID="P8_SP00428" HPOS="431" VPOS="4138" WIDTH="4"/>
						<String ID="P8_ST00519" HPOS="435" VPOS="4112" WIDTH="107" HEIGHT="26" CONTENT="loyno.edu" WC="0.85" CC="050050001"/>
					</TextLine>
				</TextBlock>
				<TextBlock ID="P8_TB00005" HPOS="715" VPOS="457" WIDTH="1927" HEIGHT="159" STYLEREFS="TXT_0 PAR_RIGHT">
					<TextLine ID="P8_TL00092" HPOS="715" VPOS="458" WIDTH="1927" HEIGHT="158">
						<String ID="P8_ST00520" HPOS="715" VPOS="458" WIDTH="451" HEIGHT="125" CONTENT="Tennis" WC="1.00" CC="000003"/>
						<SP ID="P8_SP00429" HPOS="1166" VPOS="583" WIDTH="71"/>
						<String ID="P8_ST00521" HPOS="1237" VPOS="492" WIDTH="386" HEIGHT="122" CONTENT="gears" WC="0.99" CC="43000"/>
						<SP ID="P8_SP00430" HPOS="1623" VPOS="614" WIDTH="68"/>
						<String ID="P8_ST00522" HPOS="1691" VPOS="492" WIDTH="159" HEIGHT="124" CONTENT="up" WC="0.90" CC="10"/>
						<SP ID="P8_SP00431" HPOS="1850" VPOS="616" WIDTH="64"/>
						<String ID="P8_ST00523" HPOS="1914" VPOS="458" WIDTH="200" HEIGHT="129" CONTENT="for" WC="0.98" CC="040"/>
						<SP ID="P8_SP00432" HPOS="2114" VPOS="616" WIDTH="68"/>
						<String ID="P8_ST00524" HPOS="2182" VPOS="488" WIDTH="460" HEIGHT="99" CONTENT="season" WC="1.00" CC="000030"/>
					</TextLine>
				</TextBlock>
				<TextBlock ID="P8_TB00006" HPOS="754" VPOS="662" WIDTH="397" HEIGHT="66" STYLEREFS="TXT_0 PAR_LEFT">
					<TextLine ID="P8_TL00093" HPOS="755" VPOS="662" WIDTH="395" HEIGHT="31">
						<String ID="P8_ST00525" HPOS="755" VPOS="662" WIDTH="42" HEIGHT="31" CONTENT="By" WC="1.00" CC="00"/>
						<SP ID="P8_SP00433" HPOS="797" VPOS="693" WIDTH="13"/>
						<String ID="P8_ST00526" HPOS="810" VPOS="662" WIDTH="180" HEIGHT="25" CONTENT="BRITTNEY" WC="0.92" CC="00400100"/>
						<SP ID="P8_SP00434" HPOS="990" VPOS="693" WIDTH="14"/>
						<String ID="P8_ST00527" HPOS="1004" VPOS="662" WIDTH="146" HEIGHT="26" CONTENT="HOLMES" WC="1.00" CC="002010"/>
					</TextLine>
					<TextLine ID="P8_TL00094" HPOS="827" VPOS="702" WIDTH="252" HEIGHT="25">
						<String ID="P8_ST00528" HPOS="827" VPOS="702" WIDTH="98" HEIGHT="19" CONTENT="Assistant" WC="0.99" CC="102420311"/>
						<SP ID="P8_SP00435" HPOS="925" VPOS="721" WIDTH="9"/>
						<String ID="P8_ST00529" HPOS="934" VPOS="702" WIDTH="68" HEIGHT="25" CONTENT="Sports" WC="0.99" CC="006021"/>
						<SP ID="P8_SP00436" HPOS="1002" VPOS="727" WIDTH="9"/>
						<String ID="P8_ST00530" HPOS="1011" VPOS="702" WIDTH="68" HEIGHT="20" CONTENT="Editor" WC="0.99" CC="036040"/>
					</TextLine>
				</TextBlock>
				<TextBlock ID="P8_TB00007" HPOS="716" VPOS="773" WIDTH="473" HEIGHT="295" STYLEREFS="TXT_0 PAR_LEFT">
					<TextLine ID="P8_TL00095" HPOS="759" VPOS="775" WIDTH="429" HEIGHT="29">
						<String ID="P8_ST00531" HPOS="759" VPOS="775" WIDTH="20" HEIGHT="22" CONTENT="If" WC="0.70" CC="50"/>
						<SP ID="P8_SP00437" HPOS="779" VPOS="797" WIDTH="28"/>
						<String ID="P8_ST00532" HPOS="807" VPOS="781" WIDTH="44" HEIGHT="22" CONTENT="you" WC="0.98" CC="310"/>
						<SP ID="P8_SP00438" HPOS="851" VPOS="803" WIDTH="30"/>
						<String ID="P8_ST00533" HPOS="881" VPOS="775" WIDTH="93" HEIGHT="28" CONTENT="thought" WC="1.00" CC="0020004"/>
						<SP ID="P8_SP00439" HPOS="974" VPOS="803" WIDTH="30"/>
						<String ID="P8_ST00534" HPOS="1004" VPOS="775" WIDTH="36" HEIGHT="22" CONTENT="the" WC="1.00" CC="000"/>
						<SP ID="P8_SP00440" HPOS="1040" VPOS="803" WIDTH="30"/>
						<String ID="P8_ST00535" HPOS="1070" VPOS="775" WIDTH="118" HEIGHT="29" CONTENT="Wolfpack" WC="0.75" CC="24050015"/>
					</TextLine>
					<TextLine ID="P8_TL00096" HPOS="716" VPOS="813" WIDTH="472" HEIGHT="29">
						<String ID="P8_ST00536" HPOS="716" VPOS="813" WIDTH="109" HEIGHT="22" CONTENT="Athletics" WC="1.00" CC="000200004"/>
						<SP ID="P8_SP00441" HPOS="825" VPOS="835" WIDTH="30"/>
						<String ID="P8_ST00537" HPOS="855" VPOS="813" WIDTH="143" HEIGHT="28" CONTENT="Department" WC="1.00" CC="0100030004"/>
						<SP ID="P8_SP00442" HPOS="998" VPOS="841" WIDTH="29"/>
						<String ID="P8_ST00538" HPOS="1027" VPOS="814" WIDTH="42" HEIGHT="22" CONTENT="had" WC="0.98" CC="005"/>
						<SP ID="P8_SP00443" HPOS="1069" VPOS="841" WIDTH="29"/>
						<String ID="P8_ST00539" HPOS="1098" VPOS="814" WIDTH="90" HEIGHT="28" CONTENT="enough" WC="1.00" CC="000020"/>
					</TextLine>
					<TextLine ID="P8_TL00097" HPOS="716" VPOS="851" WIDTH="388" HEIGHT="29">
						<String ID="P8_ST00540" HPOS="716" VPOS="851" WIDTH="98" HEIGHT="29" CONTENT="sporting" WC="0.99" CC="00900203"/>
						<SP ID="P8_SP00444" HPOS="814" VPOS="880" WIDTH="11"/>
						<String ID="P8_ST00541" HPOS="825" VPOS="858" WIDTH="122" HEIGHT="22" CONTENT="programs," WC="1.00" CC="000500000"/>
						<SP ID="P8_SP00445" HPOS="947" VPOS="880" WIDTH="9"/>
						<String ID="P8_ST00542" HPOS="956" VPOS="858" WIDTH="67" HEIGHT="22" CONTENT="guess" WC="1.00" CC="00010"/>
						<SP ID="P8_SP00446" HPOS="1023" VPOS="880" WIDTH="9"/>
						<String ID="P8_ST00543" HPOS="1032" VPOS="852" WIDTH="72" HEIGHT="28" CONTENT="again." WC="1.00" CC="400000"/>
					</TextLine>
					<TextLine ID="P8_TL00098" HPOS="759" VPOS="888" WIDTH="430" HEIGHT="30">
						<String ID="P8_ST00544" HPOS="759" VPOS="888" WIDTH="85" HEIGHT="30" CONTENT="Loyola" WC="0.98" CC="360540"/>
						<SP ID="P8_SP00447" HPOS="844" VPOS="918" WIDTH="12"/>
						<String ID="P8_ST00545" HPOS="856" VPOS="889" WIDTH="40" HEIGHT="22" CONTENT="has" WC="0.99" CC="200"/>
						<SP ID="P8_SP00448" HPOS="896" VPOS="918" WIDTH="12"/>
						<String ID="P8_ST00546" HPOS="908" VPOS="889" WIDTH="72" HEIGHT="22" CONTENT="added" WC="0.99" CC="00710"/>
						<SP ID="P8_SP00449" HPOS="980" VPOS="918" WIDTH="13"/>
						<String ID="P8_ST00547" HPOS="993" VPOS="890" WIDTH="111" HEIGHT="22" CONTENT="women's" WC="0.99" CC="3400010"/>
						<SP ID="P8_SP00450" HPOS="1104" VPOS="918" WIDTH="12"/>
						<String ID="P8_ST00548" HPOS="1116" VPOS="890" WIDTH="73" HEIGHT="22" CONTENT="tennis" WC="1.00" CC="000000"/>
					</TextLine>
					<TextLine ID="P8_TL00099" HPOS="716" VPOS="926" WIDTH="473" HEIGHT="30">
						<String ID="P8_ST00549" HPOS="716" VPOS="930" WIDTH="22" HEIGHT="19" CONTENT="to" WC="0.48" CC="45"/>
						<SP ID="P8_SP00451" HPOS="738" VPOS="949" WIDTH="15"/>
						<String ID="P8_ST00550" HPOS="753" VPOS="927" WIDTH="35" HEIGHT="22" CONTENT="the" WC="1.00" CC="000"/>
						<SP ID="P8_SP00452" HPOS="788" VPOS="949" WIDTH="16"/>
						<String ID="P8_ST00551" HPOS="804" VPOS="926" WIDTH="75" HEIGHT="30" CONTENT="lineup" WC="0.99" CC="002040"/>
						<SP ID="P8_SP00453" HPOS="879" VPOS="956" WIDTH="15"/>
						<String ID="P8_ST00552" HPOS="894" VPOS="927" WIDTH="35" HEIGHT="22" CONTENT="for" WC="0.97" CC="430"/>
						<SP ID="P8_SP00454" HPOS="929" VPOS="956" WIDTH="13"/>
						<String ID="P8_ST00553" HPOS="942" VPOS="927" WIDTH="36" HEIGHT="22" CONTENT="the" WC="1.00" CC="000"/>
						<SP ID="P8_SP00455" HPOS="978" VPOS="956" WIDTH="16"/>
						<String ID="P8_ST00554" HPOS="994" VPOS="927" WIDTH="46" HEIGHT="22" CONTENT="first" WC="0.99" CC="33001"/>
						<SP ID="P8_SP00456" HPOS="1040" VPOS="956" WIDTH="14"/>
						<String ID="P8_ST00555" HPOS="1054" VPOS="927" WIDTH="53" HEIGHT="23" CONTENT="time" WC="0.98" CC="0090"/>
						<SP ID="P8_SP00457" HPOS="1107" VPOS="956" WIDTH="16"/>
						<String ID="P8_ST00556" HPOS="1123" VPOS="927" WIDTH="21" HEIGHT="23" CONTENT="in" WC="0.73" CC="50"/>
						<SP ID="P8_SP00458" HPOS="1144" VPOS="956" WIDTH="19"/>
						<String ID="P8_ST00557" HPOS="1163" VPOS="928" WIDTH="26" HEIGHT="21" CONTENT="14" WC="0.72" CC="50"/>
					</TextLine>
					<TextLine ID="P8_TL00100" HPOS="716" VPOS="964" WIDTH="473" HEIGHT="30">
						<String ID="P8_ST00558" HPOS="716" VPOS="971" WIDTH="70" HEIGHT="22" CONTENT="years." WC="0.98" CC="543300"/>
						<SP ID="P8_SP00459" HPOS="786" VPOS="993" WIDTH="8"/>
						<String ID="P8_ST00559" HPOS="794" VPOS="964" WIDTH="48" HEIGHT="23" CONTENT="The" WC="0.98" CC="302"/>
						<SP ID="P8_SP00460" HPOS="842" VPOS="993" WIDTH="9"/>
						<String ID="P8_ST00560" HPOS="851" VPOS="964" WIDTH="99" HEIGHT="23" CONTENT="addition" WC="1.00" CC="50000040"/>
						<SP ID="P8_SP00461" HPOS="950" VPOS="993" WIDTH="15"/>
						<String ID="P8_ST00561" HPOS="965" VPOS="964" WIDTH="28" HEIGHT="23" CONTENT="of" WC="0.99" CC="00"/>
						<SP ID="P8_SP00462" HPOS="993" VPOS="993" WIDTH="6"/>
						<String ID="P8_ST00562" HPOS="999" VPOS="965" WIDTH="72" HEIGHT="22" CONTENT="tennis" WC="1.00" CC="000000"/>
						<SP ID="P8_SP00463" HPOS="1071" VPOS="993" WIDTH="8"/>
						<String ID="P8_ST00563" HPOS="1079" VPOS="965" WIDTH="65" HEIGHT="29" CONTENT="gives" WC="0.99" CC="06000"/>
						<SP ID="P8_SP00464" HPOS="1144" VPOS="994" WIDTH="8"/>
						<String ID="P8_ST00564" HPOS="1152" VPOS="965" WIDTH="37" HEIGHT="23" CONTENT="the" WC="0.98" CC="203"/>
					</TextLine>
					<TextLine ID="P8_TL00101" HPOS="716" VPOS="1002" WIDTH="473" HEIGHT="30">
						<String ID="P8_ST00565" HPOS="716" VPOS="1002" WIDTH="109" HEIGHT="23" CONTENT="Athletics" WC="1.00" CC="000000300"/>
						<SP ID="P8_SP00465" HPOS="825" VPOS="1025" WIDTH="24"/>
						<String ID="P8_ST00566" HPOS="849" VPOS="1002" WIDTH="143" HEIGHT="30" CONTENT="Department" WC="1.00" CC="1000000000"/>
						<SP ID="P8_SP00466" HPOS="992" VPOS="1032" WIDTH="27"/>
						<String ID="P8_ST00567" HPOS="1019" VPOS="1002" WIDTH="19" HEIGHT="30" CONTENT="11" WC="1.00" CC="00"/>
						<SP ID="P8_SP00467" HPOS="1038" VPOS="1032" WIDTH="27"/>
						<String ID="P8_ST00568" HPOS="1065" VPOS="1003" WIDTH="124" HEIGHT="29" CONTENT="sponsored" WC="0.99" CC="006003340"/>
					</TextLine>
					<TextLine ID="P8_TL00102" HPOS="716" VPOS="1044" WIDTH="78" HEIGHT="24">
						<String ID="P8_ST00569" HPOS="716" VPOS="1044" WIDTH="78" HEIGHT="24" CONTENT="sports." WC="0.99" CC="5000650"/>
					</TextLine>
				</TextBlock>
				<TextBlock ID="P8_TB00008" HPOS="1232" VPOS="663" WIDTH="472" HEIGHT="405" STYLEREFS="TXT_0 PAR_BLOCK">
					<TextLine ID="P8_TL00103" HPOS="1276" VPOS="663" WIDTH="428" HEIGHT="29">
						<String ID="P8_ST00570" HPOS="1276" VPOS="663" WIDTH="129" HEIGHT="28" CONTENT="According" WC="1.00" CC="030600030"/>
						<SP ID="P8_SP00468" HPOS="1405" VPOS="691" WIDTH="30"/>
						<String ID="P8_ST00571" HPOS="1435" VPOS="666" WIDTH="22" HEIGHT="19" CONTENT="to" WC="1.00" CC="00"/>
						<SP ID="P8_SP00469" HPOS="1457" VPOS="691" WIDTH="30"/>
						<String ID="P8_ST00572" HPOS="1487" VPOS="663" WIDTH="72" HEIGHT="22" CONTENT="Zubin" WC="0.93" CC="00003"/>
						<SP ID="P8_SP00470" HPOS="1559" VPOS="691" WIDTH="31"/>
						<String ID="P8_ST00573" HPOS="1590" VPOS="664" WIDTH="114" HEIGHT="28" CONTENT="Engineer," WC="1.00" CC="200000000"/>
					</TextLine>
					<TextLine ID="P8_TL00104" HPOS="1233" VPOS="700" WIDTH="471" HEIGHT="30">
						<String ID="P8_ST00574" HPOS="1233" VPOS="700" WIDTH="35" HEIGHT="22" CONTENT="the" WC="1.00" CC="000"/>
						<SP ID="P8_SP00471" HPOS="1268" VPOS="722" WIDTH="15"/>
						<String ID="P8_ST00575" HPOS="1283" VPOS="700" WIDTH="73" HEIGHT="29" CONTENT="newly" WC="0.99" CC="50000"/>
						<SP ID="P8_SP00472" HPOS="1356" VPOS="729" WIDTH="14"/>
						<String ID="P8_ST00576" HPOS="1370" VPOS="701" WIDTH="75" HEIGHT="22" CONTENT="seated" WC="1.00" CC="000000"/>
						<SP ID="P8_SP00473" HPOS="1445" VPOS="729" WIDTH="14"/>
						<String ID="P8_ST00577" HPOS="1459" VPOS="701" WIDTH="56" HEIGHT="22" CONTENT="head" WC="1.00" CC="0000"/>
						<SP ID="P8_SP00474" HPOS="1515" VPOS="729" WIDTH="12"/>
						<String ID="P8_ST00578" HPOS="1527" VPOS="701" WIDTH="79" HEIGHT="25" CONTENT="coach," WC="1.00" CC="050000"/>
						<SP ID="P8_SP00475" HPOS="1606" VPOS="729" WIDTH="14"/>
						<String ID="P8_ST00579" HPOS="1620" VPOS="701" WIDTH="84" HEIGHT="29" CONTENT="Loyola" WC="0.99" CC="060500"/>
					</TextLine>
					<TextLine ID="P8_TL00105" HPOS="1233" VPOS="738" WIDTH="471" HEIGHT="30">
						<String ID="P8_ST00580" HPOS="1233" VPOS="738" WIDTH="118" HEIGHT="22" CONTENT="reinstated" WC="1.00" CC="0100000000"/>
						<SP ID="P8_SP00476" HPOS="1351" VPOS="760" WIDTH="25"/>
						<String ID="P8_ST00581" HPOS="1376" VPOS="738" WIDTH="36" HEIGHT="23" CONTENT="the" WC="1.00" CC="000"/>
						<SP ID="P8_SP00477" HPOS="1412" VPOS="761" WIDTH="26"/>
						<String ID="P8_ST00582" HPOS="1438" VPOS="743" WIDTH="60" HEIGHT="25" CONTENT="sport" WC="1.00" CC="00000"/>
						<SP ID="P8_SP00478" HPOS="1498" VPOS="768" WIDTH="25"/>
						<String ID="P8_ST00583" HPOS="1523" VPOS="739" WIDTH="96" HEIGHT="22" CONTENT="because" WC="1.00" CC="0000000"/>
						<SP ID="P8_SP00479" HPOS="1619" VPOS="768" WIDTH="24"/>
						<String ID="P8_ST00584" HPOS="1643" VPOS="739" WIDTH="27" HEIGHT="22" CONTENT="of" WC="0.83" CC="30"/>
						<SP ID="P8_SP00480" HPOS="1670" VPOS="768" WIDTH="23"/>
						<String ID="P8_ST00585" HPOS="1693" VPOS="746" WIDTH="11" HEIGHT="15" CONTENT="a" WC="1.00" CC="0"/>
					</TextLine>
					<TextLine ID="P8_TL00106" HPOS="1234" VPOS="776" WIDTH="470" HEIGHT="30">
						<String ID="P8_ST00586" HPOS="1234" VPOS="776" WIDTH="103" HEIGHT="22" CONTENT="National" WC="0.99" CC="30035000"/>
						<SP ID="P8_SP00481" HPOS="1337" VPOS="798" WIDTH="7"/>
						<String ID="P8_ST00587" HPOS="1344" VPOS="776" WIDTH="144" HEIGHT="23" CONTENT="Association" WC="1.00" CC="05002100020"/>
						<SP ID="P8_SP00482" HPOS="1488" VPOS="799" WIDTH="9"/>
						<String ID="P8_ST00588" HPOS="1497" VPOS="776" WIDTH="27" HEIGHT="23" CONTENT="of" WC="0.70" CC="50"/>
						<SP ID="P8_SP00483" HPOS="1524" VPOS="799" WIDTH="6"/>
						<String ID="P8_ST00589" HPOS="1530" VPOS="777" WIDTH="174" HEIGHT="29" CONTENT="Intercollegiate" WC="1.00" CC="010202010073000"/>
					</TextLine>
					<TextLine ID="P8_TL00107" HPOS="1233" VPOS="814" WIDTH="471" HEIGHT="30">
						<String ID="P8_ST00590" HPOS="1233" VPOS="814" WIDTH="110" HEIGHT="22" CONTENT="Athletics" WC="0.99" CC="060005018"/>
						<SP ID="P8_SP00484" HPOS="1343" VPOS="836" WIDTH="47"/>
						<String ID="P8_ST00591" HPOS="1390" VPOS="814" WIDTH="124" HEIGHT="29" CONTENT="regulation" WC="1.00" CC="0000700050"/>
						<SP ID="P8_SP00485" HPOS="1514" VPOS="843" WIDTH="47"/>
						<String ID="P8_ST00592" HPOS="1561" VPOS="815" WIDTH="44" HEIGHT="21" CONTENT="that" WC="0.99" CC="0400"/>
						<SP ID="P8_SP00486" HPOS="1605" VPOS="843" WIDTH="49"/>
						<String ID="P8_ST00593" HPOS="1654" VPOS="822" WIDTH="50" HEIGHT="22" CONTENT="says" WC="1.00" CC="0000"/>
					</TextLine>
					<TextLine ID="P8_TL00108" HPOS="1234" VPOS="852" WIDTH="470" HEIGHT="23">
						<String ID="P8_ST00594" HPOS="1234" VPOS="852" WIDTH="139" HEIGHT="23" CONTENT="universities" WC="1.00" CC="020000904000"/>
						<SP ID="P8_SP00487" HPOS="1373" VPOS="875" WIDTH="32"/>
						<String ID="P8_ST00595" HPOS="1405" VPOS="856" WIDTH="58" HEIGHT="19" CONTENT="must" WC="0.97" CC="9003"/>
						<SP ID="P8_SP00488" HPOS="1463" VPOS="875" WIDTH="30"/>
						<String ID="P8_ST00596" HPOS="1493" VPOS="853" WIDTH="57" HEIGHT="22" CONTENT="have" WC="1.00" CC="0000"/>
						<SP ID="P8_SP00489" HPOS="1550" VPOS="875" WIDTH="30"/>
						<String ID="P8_ST00597" HPOS="1580" VPOS="859" WIDTH="13" HEIGHT="16" CONTENT="a" WC="1.00" CC="0"/>
						<SP ID="P8_SP00490" HPOS="1593" VPOS="875" WIDTH="29"/>
						<String ID="P8_ST00598" HPOS="1622" VPOS="853" WIDTH="82" HEIGHT="22" CONTENT="certain" WC="1.00" CC="0000001"/>
					</TextLine>
					<TextLine ID="P8_TL00109" HPOS="1234" VPOS="890" WIDTH="470" HEIGHT="29">
						<String ID="P8_ST00599" HPOS="1234" VPOS="890" WIDTH="94" HEIGHT="22" CONTENT="number" WC="0.99" CC="500200"/>
						<SP ID="P8_SP00491" HPOS="1328" VPOS="912" WIDTH="22"/>
						<String ID="P8_ST00600" HPOS="1350" VPOS="894" WIDTH="72" HEIGHT="25" CONTENT="sports" WC="0.99" CC="006000"/>
						<SP ID="P8_SP00492" HPOS="1422" VPOS="919" WIDTH="22"/>
						<String ID="P8_ST00601" HPOS="1444" VPOS="894" WIDTH="72" HEIGHT="19" CONTENT="teams" WC="0.98" CC="00092"/>
						<SP ID="P8_SP00493" HPOS="1516" VPOS="919" WIDTH="22"/>
						<String ID="P8_ST00602" HPOS="1538" VPOS="891" WIDTH="109" HEIGHT="22" CONTENT="available" WC="1.00" CC="100000601"/>
						<SP ID="P8_SP00494" HPOS="1647" VPOS="919" WIDTH="23"/>
						<String ID="P8_ST00603" HPOS="1670" VPOS="890" WIDTH="34" HEIGHT="23" CONTENT="for" WC="0.99" CC="030"/>
					</TextLine>
					<TextLine ID="P8_TL00110" HPOS="1233" VPOS="928" WIDTH="151" HEIGHT="29">
						<String ID="P8_ST00604" HPOS="1233" VPOS="928" WIDTH="55" HEIGHT="22" CONTENT="each" WC="1.00" CC="0001"/>
						<SP ID="P8_SP00495" HPOS="1288" VPOS="950" WIDTH="9"/>
						<String ID="P8_ST00605" HPOS="1297" VPOS="928" WIDTH="87" HEIGHT="29" CONTENT="gender." WC="1.00" CC="4000000"/>
					</TextLine>
					<TextLine ID="P8_TL00111" HPOS="1275" VPOS="965" WIDTH="428" HEIGHT="29">
						<String ID="P8_ST00606" HPOS="1275" VPOS="966" WIDTH="76" HEIGHT="28" CONTENT='"They' WC="1.00" CC="20000"/>
						<SP ID="P8_SP00496" HPOS="1351" VPOS="994" WIDTH="14"/>
						<String ID="P8_ST00607" HPOS="1365" VPOS="973" WIDTH="57" HEIGHT="15" CONTENT="were" WC="1.00" CC="0000"/>
						<SP ID="P8_SP00497" HPOS="1422" VPOS="994" WIDTH="14"/>
						<String ID="P8_ST00608" HPOS="1436" VPOS="966" WIDTH="91" HEIGHT="28" CONTENT="looking" WC="0.99" CC="5440000"/>
						<SP ID="P8_SP00498" HPOS="1527" VPOS="994" WIDTH="14"/>
						<String ID="P8_ST00609" HPOS="1541" VPOS="965" WIDTH="35" HEIGHT="23" CONTENT="for" WC="0.99" CC="300"/>
						<SP ID="P8_SP00499" HPOS="1576" VPOS="994" WIDTH="10"/>
						<String ID="P8_ST00610" HPOS="1586" VPOS="973" WIDTH="43" HEIGHT="15" CONTENT="one" WC="0.99" CC="102"/>
						<SP ID="P8_SP00500" HPOS="1629" VPOS="994" WIDTH="14"/>
						<String ID="P8_ST00611" HPOS="1643" VPOS="973" WIDTH="60" HEIGHT="15" CONTENT="more" WC="1.00" CC="0000"/>
					</TextLine>
					<TextLine ID="P8_TL00112" HPOS="1234" VPOS="1003" WIDTH="380" HEIGHT="29">
						<String ID="P8_ST00612" HPOS="1234" VPOS="1004" WIDTH="110" HEIGHT="21" CONTENT="women's" WC="0.99" CC="0300041"/>
						<SP ID="P8_SP00501" HPOS="1344" VPOS="1025" WIDTH="9"/>
						<String ID="P8_ST00613" HPOS="1353" VPOS="1004" WIDTH="81" HEIGHT="28" CONTENT='sport,"' WC="0.98" CC="7064506"/>
						<SP ID="P8_SP00502" HPOS="1434" VPOS="1032" WIDTH="10"/>
						<String ID="P8_ST00614" HPOS="1444" VPOS="1004" WIDTH="47" HEIGHT="22" CONTENT="said" WC="1.00" CC="0000"/>
						<SP ID="P8_SP00503" HPOS="1491" VPOS="1032" WIDTH="9"/>
						<String ID="P8_ST00615" HPOS="1500" VPOS="1003" WIDTH="114" HEIGHT="29" CONTENT="Engineer." WC="1.00" CC="000000000"/>
					</TextLine>
					<TextLine ID="P8_TL00113" HPOS="1276" VPOS="1041" WIDTH="427" HEIGHT="27">
						<String ID="P8_ST00616" HPOS="1276" VPOS="1041" WIDTH="75" HEIGHT="22" CONTENT="About" WC="0.99" CC="00600"/>
						<SP ID="P8_SP00504" HPOS="1351" VPOS="1063" WIDTH="13"/>
						<String ID="P8_ST00617" HPOS="1364" VPOS="1041" WIDTH="29" HEIGHT="22" CONTENT="30" WC="0.89" CC="20"/>
						<SP ID="P8_SP00505" HPOS="1393" VPOS="1063" WIDTH="12"/>
						<String ID="P8_ST00618" HPOS="1405" VPOS="1048" WIDTH="88" HEIGHT="15" CONTENT="women" WC="0.98" CC="02902"/>
						<SP ID="P8_SP00506" HPOS="1493" VPOS="1063" WIDTH="13"/>
						<String ID="P8_ST00619" HPOS="1506" VPOS="1041" WIDTH="102" HEIGHT="22" CONTENT="attended" WC="1.00" CC="00000000"/>
						<SP ID="P8_SP00507" HPOS="1608" VPOS="1063" WIDTH="12"/>
						<String ID="P8_ST00620" HPOS="1620" VPOS="1045" WIDTH="83" HEIGHT="23" CONTENT="tryouts" WC="0.95" CC="1100000"/>
					</TextLine>
				</TextBlock>
				<TextBlock ID="P8_TB00009" HPOS="1748" VPOS="664" WIDTH="468" HEIGHT="405" STYLEREFS="TXT_0 PAR_BLOCK">
					<TextLine ID="P8_TL00114" HPOS="1750" VPOS="664" WIDTH="466" HEIGHT="28">
						<String ID="P8_ST00621" HPOS="1750" VPOS="664" WIDTH="21" HEIGHT="22" CONTENT="in" WC="1.00" CC="00"/>
						<SP ID="P8_SP00508" HPOS="1771" VPOS="686" WIDTH="16"/>
						<String ID="P8_ST00622" HPOS="1787" VPOS="664" WIDTH="135" HEIGHT="28" CONTENT="September," WC="1.00" CC="0001000000"/>
						<SP ID="P8_SP00509" HPOS="1922" VPOS="692" WIDTH="15"/>
						<String ID="P8_ST00623" HPOS="1937" VPOS="664" WIDTH="43" HEIGHT="22" CONTENT="and" WC="1.00" CC="000"/>
						<SP ID="P8_SP00510" HPOS="1980" VPOS="692" WIDTH="16"/>
						<String ID="P8_ST00624" HPOS="1996" VPOS="664" WIDTH="34" HEIGHT="22" CONTENT="for" WC="1.00" CC="000"/>
						<SP ID="P8_SP00511" HPOS="2030" VPOS="692" WIDTH="14"/>
						<String ID="P8_ST00625" HPOS="2044" VPOS="664" WIDTH="35" HEIGHT="22" CONTENT="the" WC="1.00" CC="000"/>
						<SP ID="P8_SP00512" HPOS="2079" VPOS="692" WIDTH="16"/>
						<String ID="P8_ST00626" HPOS="2095" VPOS="670" WIDTH="49" HEIGHT="15" CONTENT="new" WC="0.99" CC="300"/>
						<SP ID="P8_SP00513" HPOS="2144" VPOS="692" WIDTH="15"/>
						<String ID="P8_ST00627" HPOS="2159" VPOS="666" WIDTH="57" HEIGHT="19" CONTENT="team" WC="0.99" CC="0200"/>
					</TextLine>
					<TextLine ID="P8_TL00115" HPOS="1750" VPOS="700" WIDTH="466" HEIGHT="31">
						<String ID="P8_ST00628" HPOS="1750" VPOS="702" WIDTH="118" HEIGHT="24" CONTENT="members," WC="1.00" CC="00600000"/>
						<SP ID="P8_SP00514" HPOS="1868" VPOS="726" WIDTH="22"/>
						<String ID="P8_ST00629" HPOS="1890" VPOS="702" WIDTH="35" HEIGHT="22" CONTENT="the" WC="0.98" CC="060"/>
						<SP ID="P8_SP00515" HPOS="1925" VPOS="726" WIDTH="22"/>
						<String ID="P8_ST00630" HPOS="1947" VPOS="701" WIDTH="141" HEIGHT="30" CONTENT="opportunity" WC="1.00" CC="70070000000"/>
						<SP ID="P8_SP00516" HPOS="2088" VPOS="731" WIDTH="23"/>
						<String ID="P8_ST00631" HPOS="2111" VPOS="704" WIDTH="22" HEIGHT="19" CONTENT="to" WC="0.54" CC="62"/>
						<SP ID="P8_SP00517" HPOS="2133" VPOS="731" WIDTH="22"/>
						<String ID="P8_ST00632" HPOS="2155" VPOS="700" WIDTH="61" HEIGHT="29" CONTENT="bring" WC="0.99" CC="10120"/>
					</TextLine>
					<TextLine ID="P8_TL00116" HPOS="1749" VPOS="738" WIDTH="467" HEIGHT="30">
						<String ID="P8_ST00633" HPOS="1749" VPOS="740" WIDTH="71" HEIGHT="22" CONTENT="tennis" WC="1.00" CC="000100"/>
						<SP ID="P8_SP00518" HPOS="1820" VPOS="762" WIDTH="12"/>
						<String ID="P8_ST00634" HPOS="1832" VPOS="739" WIDTH="56" HEIGHT="23" CONTENT="back" WC="0.98" CC="0160"/>
						<SP ID="P8_SP00519" HPOS="1888" VPOS="762" WIDTH="13"/>
						<String ID="P8_ST00635" HPOS="1901" VPOS="743" WIDTH="22" HEIGHT="18" CONTENT="to" WC="0.63" CC="34"/>
						<SP ID="P8_SP00520" HPOS="1923" VPOS="762" WIDTH="12"/>
						<String ID="P8_ST00636" HPOS="1935" VPOS="739" WIDTH="34" HEIGHT="22" CONTENT="the" WC="1.00" CC="000"/>
						<SP ID="P8_SP00521" HPOS="1969" VPOS="762" WIDTH="13"/>
						<String ID="P8_ST00637" HPOS="1982" VPOS="738" WIDTH="119" HEIGHT="30" CONTENT="university" WC="1.00" CC="0010000030"/>
						<SP ID="P8_SP00522" HPOS="2101" VPOS="768" WIDTH="12"/>
						<String ID="P8_ST00638" HPOS="2113" VPOS="738" WIDTH="55" HEIGHT="23" CONTENT="does" WC="0.99" CC="0500"/>
						<SP ID="P8_SP00523" HPOS="2168" VPOS="768" WIDTH="12"/>
						<String ID="P8_ST00639" HPOS="2180" VPOS="742" WIDTH="36" HEIGHT="18" CONTENT="not" WC="0.97" CC="104"/>
					</TextLine>
					<TextLine ID="P8_TL00117" HPOS="1748" VPOS="777" WIDTH="215" HEIGHT="29">
						<String ID="P8_ST00640" HPOS="1748" VPOS="785" WIDTH="31" HEIGHT="21" CONTENT="go" WC="1.00" CC="00"/>
						<SP ID="P8_SP00524" HPOS="1779" VPOS="806" WIDTH="9"/>
						<String ID="P8_ST00641" HPOS="1788" VPOS="777" WIDTH="175" HEIGHT="29" CONTENT="unappreciated." WC="1.00" CC="00000000010000"/>
					</TextLine>
					<TextLine ID="P8_TL00118" HPOS="1791" VPOS="814" WIDTH="425" HEIGHT="26">
						<String ID="P8_ST00642" HPOS="1791" VPOS="815" WIDTH="31" HEIGHT="22" CONTENT='"It' WC="0.99" CC="200"/>
						<SP ID="P8_SP00525" HPOS="1822" VPOS="837" WIDTH="21"/>
						<String ID="P8_ST00643" HPOS="1843" VPOS="822" WIDTH="77" HEIGHT="15" CONTENT="means" WC="0.99" CC="60300"/>
						<SP ID="P8_SP00526" HPOS="1920" VPOS="837" WIDTH="21"/>
						<String ID="P8_ST00644" HPOS="1941" VPOS="822" WIDTH="13" HEIGHT="15" CONTENT="a" WC="1.00" CC="0"/>
						<SP ID="P8_SP00527" HPOS="1954" VPOS="837" WIDTH="22"/>
						<String ID="P8_ST00645" HPOS="1976" VPOS="814" WIDTH="37" HEIGHT="26" CONTENT="lot," WC="0.98" CC="2400"/>
						<SP ID="P8_SP00528" HPOS="2013" VPOS="840" WIDTH="22"/>
						<String ID="P8_ST00646" HPOS="2035" VPOS="814" WIDTH="95" HEIGHT="22" CONTENT="because" WC="1.00" CC="0000000"/>
						<SP ID="P8_SP00529" HPOS="2130" VPOS="840" WIDTH="23"/>
						<String ID="P8_ST00647" HPOS="2153" VPOS="814" WIDTH="63" HEIGHT="22" CONTENT="when" WC="0.99" CC="0012"/>
					</TextLine>
					<TextLine ID="P8_TL00119" HPOS="1749" VPOS="853" WIDTH="467" HEIGHT="28">
						<String ID="P8_ST00648" HPOS="1749" VPOS="853" WIDTH="79" HEIGHT="28" CONTENT="people" WC="0.99" CC="005002"/>
						<SP ID="P8_SP00530" HPOS="1828" VPOS="881" WIDTH="11"/>
						<String ID="P8_ST00649" HPOS="1839" VPOS="853" WIDTH="52" HEIGHT="22" CONTENT="look" WC="0.99" CC="0230"/>
						<SP ID="P8_SP00531" HPOS="1891" VPOS="881" WIDTH="9"/>
						<String ID="P8_ST00650" HPOS="1900" VPOS="853" WIDTH="56" HEIGHT="22" CONTENT="back" WC="1.00" CC="0010"/>
						<SP ID="P8_SP00532" HPOS="1956" VPOS="881" WIDTH="9"/>
						<String ID="P8_ST00651" HPOS="1965" VPOS="853" WIDTH="51" HEIGHT="28" CONTENT="they" WC="1.00" CC="0000"/>
						<SP ID="P8_SP00533" HPOS="2016" VPOS="881" WIDTH="9"/>
						<String ID="P8_ST00652" HPOS="2025" VPOS="859" WIDTH="36" HEIGHT="16" CONTENT="are" WC="0.99" CC="300"/>
						<SP ID="P8_SP00534" HPOS="2061" VPOS="881" WIDTH="8"/>
						<String ID="P8_ST00653" HPOS="2069" VPOS="853" WIDTH="69" HEIGHT="28" CONTENT="going" WC="0.99" CC="06000"/>
						<SP ID="P8_SP00535" HPOS="2138" VPOS="881" WIDTH="9"/>
						<String ID="P8_ST00654" HPOS="2147" VPOS="856" WIDTH="22" HEIGHT="18" CONTENT="to" WC="0.69" CC="06"/>
						<SP ID="P8_SP00536" HPOS="2169" VPOS="881" WIDTH="9"/>
						<String ID="P8_ST00655" HPOS="2178" VPOS="858" WIDTH="38" HEIGHT="22" CONTENT="say" WC="1.00" CC="000"/>
					</TextLine>
					<TextLine ID="P8_TL00120" HPOS="1748" VPOS="890" WIDTH="468" HEIGHT="29">
						<String ID="P8_ST00656" HPOS="1748" VPOS="891" WIDTH="44" HEIGHT="22" CONTENT="that" WC="0.99" CC="2000"/>
						<SP ID="P8_SP00537" HPOS="1792" VPOS="913" WIDTH="17"/>
						<String ID="P8_ST00657" HPOS="1809" VPOS="897" WIDTH="33" HEIGHT="16" CONTENT="we" WC="0.66" CC="06"/>
						<SP ID="P8_SP00538" HPOS="1842" VPOS="913" WIDTH="17"/>
						<String ID="P8_ST00658" HPOS="1859" VPOS="891" WIDTH="93" HEIGHT="28" CONTENT="brought" WC="1.00" CC="2030010"/>
						<SP ID="P8_SP00539" HPOS="1952" VPOS="919" WIDTH="17"/>
						<String ID="P8_ST00659" HPOS="1969" VPOS="891" WIDTH="36" HEIGHT="21" CONTENT="the" WC="1.00" CC="000"/>
						<SP ID="P8_SP00540" HPOS="2005" VPOS="919" WIDTH="16"/>
						<String ID="P8_ST00660" HPOS="2021" VPOS="897" WIDTH="102" HEIGHT="22" CONTENT="program" WC="1.00" CC="0003000"/>
						<SP ID="P8_SP00541" HPOS="2123" VPOS="919" WIDTH="16"/>
						<String ID="P8_ST00661" HPOS="2139" VPOS="890" WIDTH="77" HEIGHT="23" CONTENT='back."' WC="0.99" CC="000052"/>
					</TextLine>
					<TextLine ID="P8_TL00121" HPOS="1748" VPOS="928" WIDTH="468" HEIGHT="29">
						<String ID="P8_ST00662" HPOS="1748" VPOS="928" WIDTH="48" HEIGHT="22" CONTENT="said" WC="1.00" CC="0000"/>
						<SP ID="P8_SP00542" HPOS="1796" VPOS="950" WIDTH="9"/>
						<String ID="P8_ST00663" HPOS="1805" VPOS="928" WIDTH="74" HEIGHT="23" CONTENT="Claire" WC="0.99" CC="000500"/>
						<SP ID="P8_SP00543" HPOS="1879" VPOS="951" WIDTH="10"/>
						<String ID="P8_ST00664" HPOS="1889" VPOS="928" WIDTH="91" HEIGHT="28" CONTENT="Landry," WC="1.00" CC="0020000"/>
						<SP ID="P8_SP00544" HPOS="1980" VPOS="956" WIDTH="10"/>
						<String ID="P8_ST00665" HPOS="1990" VPOS="928" WIDTH="139" HEIGHT="29" CONTENT="psychology" WC="1.00" CC="0000010300"/>
						<SP ID="P8_SP00545" HPOS="2129" VPOS="957" WIDTH="8"/>
						<String ID="P8_ST00666" HPOS="2137" VPOS="928" WIDTH="79" HEIGHT="28" CONTENT="junior." WC="0.99" CC="3104300"/>
					</TextLine>
					<TextLine ID="P8_TL00122" HPOS="1748" VPOS="965" WIDTH="468" HEIGHT="23">
						<String ID="P8_ST00667" HPOS="1748" VPOS="966" WIDTH="52" HEIGHT="22" CONTENT='"We' WC="0.98" CC="500"/>
						<SP ID="P8_SP00546" HPOS="1800" VPOS="988" WIDTH="18"/>
						<String ID="P8_ST00668" HPOS="1818" VPOS="973" WIDTH="34" HEIGHT="15" CONTENT="are" WC="0.97" CC="060"/>
						<SP ID="P8_SP00547" HPOS="1852" VPOS="988" WIDTH="18"/>
						<String ID="P8_ST00669" HPOS="1870" VPOS="966" WIDTH="36" HEIGHT="21" CONTENT="the" WC="0.98" CC="032"/>
						<SP ID="P8_SP00548" HPOS="1906" VPOS="988" WIDTH="17"/>
						<String ID="P8_ST00670" HPOS="1923" VPOS="972" WIDTH="55" HEIGHT="16" CONTENT="ones" WC="0.99" CC="4000"/>
						<SP ID="P8_SP00549" HPOS="1978" VPOS="988" WIDTH="18"/>
						<String ID="P8_ST00671" HPOS="1996" VPOS="965" WIDTH="43" HEIGHT="22" CONTENT="that" WC="0.99" CC="0500"/>
						<SP ID="P8_SP00550" HPOS="2039" VPOS="988" WIDTH="18"/>
						<String ID="P8_ST00672" HPOS="2057" VPOS="965" WIDTH="54" HEIGHT="22" CONTENT="built" WC="0.99" CC="02100"/>
						<SP ID="P8_SP00551" HPOS="2111" VPOS="988" WIDTH="18"/>
						<String ID="P8_ST00673" HPOS="2129" VPOS="965" WIDTH="14" HEIGHT="22" CONTENT="it" WC="0.88" CC="20"/>
						<SP ID="P8_SP00552" HPOS="2143" VPOS="988" WIDTH="18"/>
						<String ID="P8_ST00674" HPOS="2161" VPOS="965" WIDTH="55" HEIGHT="22" CONTENT="back" WC="1.00" CC="0000"/>
					</TextLine>
					<TextLine ID="P8_TL00123" HPOS="1748" VPOS="1003" WIDTH="50" HEIGHT="29">
						<String ID="P8_ST00675" HPOS="1748" VPOS="1003" WIDTH="50" HEIGHT="29" CONTENT='up."' WC="1.00" CC="0000"/>
					</TextLine>
					<TextLine ID="P8_TL00124" HPOS="1791" VPOS="1040" WIDTH="425" HEIGHT="29">
						<String ID="P8_ST00676" HPOS="1791" VPOS="1041" WIDTH="109" HEIGHT="28" CONTENT="Engineer" WC="0.99" CC="04920020"/>
						<SP ID="P8_SP00553" HPOS="1900" VPOS="1069" WIDTH="8"/>
						<String ID="P8_ST00677" HPOS="1908" VPOS="1041" WIDTH="47" HEIGHT="22" CONTENT="said" WC="0.99" CC="0040"/>
						<SP ID="P8_SP00554" HPOS="1955" VPOS="1069" WIDTH="9"/>
						<String ID="P8_ST00678" HPOS="1964" VPOS="1041" WIDTH="36" HEIGHT="21" CONTENT="the" WC="0.98" CC="004"/>
						<SP ID="P8_SP00555" HPOS="2000" VPOS="1069" WIDTH="10"/>
						<String ID="P8_ST00679" HPOS="2010" VPOS="1041" WIDTH="116" HEIGHT="28" CONTENT="important" WC="1.00" CC="100400000"/>
						<SP ID="P8_SP00556" HPOS="2126" VPOS="1069" WIDTH="9"/>
						<String ID="P8_ST00680" HPOS="2135" VPOS="1040" WIDTH="81" HEIGHT="22" CONTENT="factors" WC="1.00" CC="0000500"/>
					</TextLine>
				</TextBlock>
				<TextBlock ID="P8_TB00010" HPOS="2261" VPOS="661" WIDTH="468" HEIGHT="330" STYLEREFS="TXT_0 PAR_LEFT">
					<TextLine ID="P8_TL00125" HPOS="2262" VPOS="661" WIDTH="467" HEIGHT="22">
						<String ID="P8_ST00681" HPOS="2262" VPOS="662" WIDTH="21" HEIGHT="21" CONTENT="in" WC="1.00" CC="00"/>
						<SP ID="P8_SP00557" HPOS="2283" VPOS="683" WIDTH="17"/>
						<String ID="P8_ST00682" HPOS="2300" VPOS="665" WIDTH="58" HEIGHT="18" CONTENT="team" WC="1.00" CC="0000"/>
						<SP ID="P8_SP00558" HPOS="2358" VPOS="683" WIDTH="19"/>
						<String ID="P8_ST00683" HPOS="2377" VPOS="661" WIDTH="105" HEIGHT="22" CONTENT="selection" WC="1.00" CC="500020030"/>
						<SP ID="P8_SP00559" HPOS="2482" VPOS="683" WIDTH="19"/>
						<String ID="P8_ST00684" HPOS="2501" VPOS="667" WIDTH="58" HEIGHT="16" CONTENT="were" WC="1.00" CC="0001"/>
						<SP ID="P8_SP00560" HPOS="2559" VPOS="683" WIDTH="17"/>
						<String ID="P8_ST00685" HPOS="2576" VPOS="661" WIDTH="153" HEIGHT="21" CONTENT="commitment" WC="1.00" CC="2400000003"/>
					</TextLine>
					<TextLine ID="P8_TL00126" HPOS="2261" VPOS="699" WIDTH="468" HEIGHT="28">
						<String ID="P8_ST00686" HPOS="2261" VPOS="704" WIDTH="22" HEIGHT="17" CONTENT="to" WC="0.69" CC="06"/>
						<SP ID="P8_SP00561" HPOS="2283" VPOS="721" WIDTH="16"/>
						<String ID="P8_ST00687" HPOS="2299" VPOS="699" WIDTH="52" HEIGHT="22" CONTENT="time" WC="1.00" CC="0000"/>
						<SP ID="P8_SP00562" HPOS="2351" VPOS="721" WIDTH="17"/>
						<String ID="P8_ST00688" HPOS="2368" VPOS="699" WIDTH="42" HEIGHT="22" CONTENT="and" WC="0.98" CC="400"/>
						<SP ID="P8_SP00563" HPOS="2410" VPOS="721" WIDTH="16"/>
						<String ID="P8_ST00689" HPOS="2426" VPOS="699" WIDTH="66" HEIGHT="22" CONTENT="effort" WC="0.99" CC="044000"/>
						<SP ID="P8_SP00564" HPOS="2492" VPOS="721" WIDTH="16"/>
						<String ID="P8_ST00690" HPOS="2508" VPOS="705" WIDTH="117" HEIGHT="22" CONTENT="necessary" WC="0.99" CC="004016313"/>
						<SP ID="P8_SP00565" HPOS="2625" VPOS="727" WIDTH="16"/>
						<String ID="P8_ST00691" HPOS="2641" VPOS="703" WIDTH="23" HEIGHT="18" CONTENT="to" WC="1.00" CC="00"/>
						<SP ID="P8_SP00566" HPOS="2664" VPOS="727" WIDTH="15"/>
						<String ID="P8_ST00692" HPOS="2679" VPOS="699" WIDTH="50" HEIGHT="28" CONTENT="play" WC="1.00" CC="0001"/>
					</TextLine>
					<TextLine ID="P8_TL00127" HPOS="2261" VPOS="737" WIDTH="78" HEIGHT="23">
						<String ID="P8_ST00693" HPOS="2261" VPOS="737" WIDTH="78" HEIGHT="23" CONTENT="tennis." WC="1.00" CC="0000430"/>
					</TextLine>
					<TextLine ID="P8_TL00128" HPOS="2302" VPOS="774" WIDTH="427" HEIGHT="29">
						<String ID="P8_ST00694" HPOS="2302" VPOS="776" WIDTH="31" HEIGHT="22" CONTENT='"It' WC="0.95" CC="560"/>
						<SP ID="P8_SP00567" HPOS="2333" VPOS="798" WIDTH="22"/>
						<String ID="P8_ST00695" HPOS="2355" VPOS="775" WIDTH="17" HEIGHT="23" CONTENT="is" WC="0.52" CC="09"/>
						<SP ID="P8_SP00568" HPOS="2372" VPOS="798" WIDTH="21"/>
						<String ID="P8_ST00696" HPOS="2393" VPOS="781" WIDTH="12" HEIGHT="16" CONTENT="a" WC="1.00" CC="0"/>
						<SP ID="P8_SP00569" HPOS="2405" VPOS="798" WIDTH="19"/>
						<String ID="P8_ST00697" HPOS="2424" VPOS="775" WIDTH="144" HEIGHT="28" CONTENT="competitive" WC="1.00" CC="04000000000"/>
						<SP ID="P8_SP00570" HPOS="2568" VPOS="803" WIDTH="20"/>
						<String ID="P8_ST00698" HPOS="2588" VPOS="778" WIDTH="67" HEIGHT="25" CONTENT="sport," WC="0.99" CC="006002"/>
						<SP ID="P8_SP00571" HPOS="2655" VPOS="803" WIDTH="20"/>
						<String ID="P8_ST00699" HPOS="2675" VPOS="781" WIDTH="27" HEIGHT="15" CONTENT="so" WC="1.00" CC="00"/>
						<SP ID="P8_SP00572" HPOS="2702" VPOS="803" WIDTH="20"/>
						<String ID="P8_ST00700" HPOS="2722" VPOS="774" WIDTH="7" HEIGHT="22" CONTENT="I" WC="0.38" CC="6"/>
					</TextLine>
					<TextLine ID="P8_TL00129" HPOS="2262" VPOS="812" WIDTH="467" HEIGHT="30">
						<String ID="P8_ST00701" HPOS="2262" VPOS="814" WIDTH="80" HEIGHT="22" CONTENT="looked" WC="0.99" CC="016002"/>
						<SP ID="P8_SP00573" HPOS="2342" VPOS="836" WIDTH="12"/>
						<String ID="P8_ST00702" HPOS="2354" VPOS="813" WIDTH="34" HEIGHT="22" CONTENT="for" WC="0.98" CC="050"/>
						<SP ID="P8_SP00574" HPOS="2388" VPOS="836" WIDTH="10"/>
						<String ID="P8_ST00703" HPOS="2398" VPOS="813" WIDTH="86" HEIGHT="29" CONTENT="players" WC="1.00" CC="0000000"/>
						<SP ID="P8_SP00575" HPOS="2484" VPOS="842" WIDTH="11"/>
						<String ID="P8_ST00704" HPOS="2495" VPOS="813" WIDTH="52" HEIGHT="22" CONTENT="with" WC="1.00" CC="1000"/>
						<SP ID="P8_SP00576" HPOS="2547" VPOS="842" WIDTH="11"/>
						<String ID="P8_ST00705" HPOS="2558" VPOS="812" WIDTH="59" HEIGHT="30" CONTENT="good" WC="1.00" CC="0020"/>
						<SP ID="P8_SP00577" HPOS="2617" VPOS="842" WIDTH="11"/>
						<String ID="P8_ST00706" HPOS="2628" VPOS="812" WIDTH="101" HEIGHT="22" CONTENT="attitudes" WC="1.00" CC="001250000"/>
					</TextLine>
					<TextLine ID="P8_TL00130" HPOS="2261" VPOS="849" WIDTH="468" HEIGHT="31">
						<String ID="P8_ST00707" HPOS="2261" VPOS="852" WIDTH="42" HEIGHT="22" CONTENT="and" WC="0.98" CC="400"/>
						<SP ID="P8_SP00578" HPOS="2303" VPOS="874" WIDTH="25"/>
						<String ID="P8_ST00708" HPOS="2328" VPOS="858" WIDTH="13" HEIGHT="15" CONTENT="a" WC="1.00" CC="0"/>
						<SP ID="P8_SP00579" HPOS="2341" VPOS="874" WIDTH="25"/>
						<String ID="P8_ST00709" HPOS="2366" VPOS="851" WIDTH="137" HEIGHT="29" CONTENT="willingness" WC="1.00" CC="40000000004"/>
						<SP ID="P8_SP00580" HPOS="2503" VPOS="880" WIDTH="25"/>
						<String ID="P8_ST00710" HPOS="2528" VPOS="854" WIDTH="22" HEIGHT="19" CONTENT="to" WC="0.66" CC="33"/>
						<SP ID="P8_SP00581" HPOS="2550" VPOS="880" WIDTH="26"/>
						<String ID="P8_ST00711" HPOS="2576" VPOS="850" WIDTH="81" HEIGHT="25" CONTENT='work,"' WC="0.98" CC="800603"/>
						<SP ID="P8_SP00582" HPOS="2657" VPOS="880" WIDTH="25"/>
						<String ID="P8_ST00712" HPOS="2682" VPOS="849" WIDTH="47" HEIGHT="23" CONTENT="said" WC="1.00" CC="0000"/>
					</TextLine>
					<TextLine ID="P8_TL00131" HPOS="2261" VPOS="889" WIDTH="113" HEIGHT="29">
						<String ID="P8_ST00713" HPOS="2261" VPOS="889" WIDTH="113" HEIGHT="29" CONTENT="Engineer." WC="1.00" CC="310400000"/>
					</TextLine>
					<TextLine ID="P8_TL00132" HPOS="2304" VPOS="926" WIDTH="425" HEIGHT="25">
						<String ID="P8_ST00714" HPOS="2304" VPOS="926" WIDTH="116" HEIGHT="25" CONTENT="However," WC="1.00" CC="40000000"/>
						<SP ID="P8_SP00583" HPOS="2420" VPOS="951" WIDTH="21"/>
						<String ID="P8_ST00715" HPOS="2441" VPOS="926" WIDTH="65" HEIGHT="22" CONTENT="while" WC="0.99" CC="03000"/>
						<SP ID="P8_SP00584" HPOS="2506" VPOS="951" WIDTH="20"/>
						<String ID="P8_ST00716" HPOS="2526" VPOS="926" WIDTH="137" HEIGHT="22" CONTENT="enthusiasm" WC="1.00" CC="2230006000"/>
						<SP ID="P8_SP00585" HPOS="2663" VPOS="951" WIDTH="20"/>
						<String ID="P8_ST00717" HPOS="2683" VPOS="932" WIDTH="46" HEIGHT="15" CONTENT="was" WC="1.00" CC="000"/>
					</TextLine>
					<TextLine ID="P8_TL00133" HPOS="2261" VPOS="964" WIDTH="468" HEIGHT="27">
						<String ID="P8_ST00718" HPOS="2261" VPOS="964" WIDTH="87" HEIGHT="24" CONTENT="valued," WC="0.99" CC="0004090"/>
						<SP ID="P8_SP00586" HPOS="2348" VPOS="988" WIDTH="9"/>
						<String ID="P8_ST00719" HPOS="2357" VPOS="964" WIDTH="131" HEIGHT="27" CONTENT="experience" WC="0.99" CC="0304004042"/>
						<SP ID="P8_SP00587" HPOS="2488" VPOS="991" WIDTH="11"/>
						<String ID="P8_ST00720" HPOS="2499" VPOS="970" WIDTH="46" HEIGHT="16" CONTENT="was" WC="1.00" CC="000"/>
						<SP ID="P8_SP00588" HPOS="2545" VPOS="991" WIDTH="9"/>
						<String ID="P8_ST00721" HPOS="2554" VPOS="964" WIDTH="49" HEIGHT="22" CONTENT="also" WC="1.00" CC="0000"/>
						<SP ID="P8_SP00589" HPOS="2603" VPOS="991" WIDTH="9"/>
						<String ID="P8_ST00722" HPOS="2612" VPOS="969" WIDTH="117" HEIGHT="22" CONTENT="necessary" WC="1.00" CC="500000000"/>
					</TextLine>
				</TextBlock>
				<TextBlock ID="P8_TB00011" HPOS="721" VPOS="1176" WIDTH="1972" HEIGHT="152" STYLEREFS="TXT_0 PAR_RIGHT">
					<TextLine ID="P8_TL00134" HPOS="722" VPOS="1177" WIDTH="1971" HEIGHT="150">
						<String ID="P8_ST00723" HPOS="722" VPOS="1178" WIDTH="487" HEIGHT="148" CONTENT="Kennedy" WC="0.99" CC="0000027"/>
						<SP ID="P8_SP00590" HPOS="1209" VPOS="1326" WIDTH="24"/>
						<String ID="P8_ST00724" HPOS="1233" VPOS="1177" WIDTH="367" HEIGHT="115" CONTENT="follows" WC="1.00" CC="0000010"/>
						<SP ID="P8_SP00591" HPOS="1600" VPOS="1326" WIDTH="31"/>
						<String ID="P8_ST00725" HPOS="1631" VPOS="1185" WIDTH="383" HEIGHT="142" CONTENT="passion" WC="0.99" CC="0740000"/>
						<SP ID="P8_SP00592" HPOS="2014" VPOS="1327" WIDTH="30"/>
						<String ID="P8_ST00726" HPOS="2044" VPOS="1177" WIDTH="151" HEIGHT="113" CONTENT="for" WC="1.00" CC="000"/>
						<SP ID="P8_SP00593" HPOS="2195" VPOS="1327" WIDTH="27"/>
						<String ID="P8_ST00727" HPOS="2222" VPOS="1177" WIDTH="471" HEIGHT="150" CONTENT="coaching" WC="0.99" CC="25606200"/>
					</TextLine>
				</TextBlock>
				<TextBlock ID="P8_TB00012" HPOS="761" VPOS="1394" WIDTH="379" HEIGHT="59" STYLEREFS="TXT_0 PAR_LEFT">
					<TextLine ID="P8_TL00135" HPOS="761" VPOS="1394" WIDTH="379" HEIGHT="32">
						<String ID="P8_ST00728" HPOS="761" VPOS="1395" WIDTH="42" HEIGHT="31" CONTENT="By" WC="1.00" CC="00"/>
						<SP ID="P8_SP00594" HPOS="803" VPOS="1426" WIDTH="13"/>
						<String ID="P8_ST00729" HPOS="816" VPOS="1394" WIDTH="111" HEIGHT="27" CONTENT="CRAIG" WC="1.00" CC="00030"/>
						<SP ID="P8_SP00595" HPOS="927" VPOS="1426" WIDTH="15"/>
						<String ID="P8_ST00730" HPOS="942" VPOS="1395" WIDTH="198" HEIGHT="26" CONTENT="MALVEAUX" WC="0.94" CC="00200010"/>
					</TextLine>
					<TextLine ID="P8_TL00136" HPOS="844" VPOS="1434" WIDTH="213" HEIGHT="19">
						<String ID="P8_ST00731" HPOS="844" VPOS="1434" WIDTH="72" HEIGHT="19" CONTENT="Senior" WC="1.00" CC="000300"/>
						<SP ID="P8_SP00596" HPOS="916" VPOS="1453" WIDTH="9"/>
						<String ID="P8_ST00732" HPOS="925" VPOS="1434" WIDTH="54" HEIGHT="19" CONTENT="Staff" WC="0.99" CC="00024"/>
						<SP ID="P8_SP00597" HPOS="979" VPOS="1453" WIDTH="6"/>
						<String ID="P8_ST00733" HPOS="985" VPOS="1434" WIDTH="72" HEIGHT="19" CONTENT="Writer" WC="1.00" CC="000200"/>
					</TextLine>
				</TextBlock>
				<TextBlock ID="P8_TB00013" HPOS="712" VPOS="1508" WIDTH="473" HEIGHT="1197" STYLEREFS="TXT_0 PAR_BLOCK">
					<TextLine ID="P8_TL00137" HPOS="757" VPOS="1508" WIDTH="428" HEIGHT="29">
						<String ID="P8_ST00734" HPOS="757" VPOS="1508" WIDTH="73" HEIGHT="22" CONTENT="When" WC="0.98" CC="0105"/>
						<SP ID="P8_SP00598" HPOS="830" VPOS="1530" WIDTH="17"/>
						<String ID="P8_ST00735" HPOS="847" VPOS="1508" WIDTH="73" HEIGHT="22" CONTENT="Kellie" WC="0.85" CC="400103"/>
						<SP ID="P8_SP00599" HPOS="920" VPOS="1530" WIDTH="16"/>
						<String ID="P8_ST00736" HPOS="936" VPOS="1508" WIDTH="110" HEIGHT="28" CONTENT="Kennedy" WC="1.00" CC="2210000"/>
						<SP ID="P8_SP00600" HPOS="1046" VPOS="1536" WIDTH="17"/>
						<String ID="P8_ST00737" HPOS="1063" VPOS="1508" WIDTH="122" HEIGHT="29" CONTENT="graduated" WC="1.00" CC="000000600"/>
					</TextLine>
					<TextLine ID="P8_TL00138" HPOS="715" VPOS="1545" WIDTH="470" HEIGHT="29">
						<String ID="P8_ST00738" HPOS="715" VPOS="1545" WIDTH="58" HEIGHT="22" CONTENT="from" WC="0.99" CC="0030"/>
						<SP ID="P8_SP00601" HPOS="773" VPOS="1567" WIDTH="8"/>
						<String ID="P8_ST00739" HPOS="781" VPOS="1545" WIDTH="37" HEIGHT="22" CONTENT="the" WC="1.00" CC="000"/>
						<SP ID="P8_SP00602" HPOS="818" VPOS="1567" WIDTH="10"/>
						<String ID="P8_ST00740" HPOS="828" VPOS="1545" WIDTH="130" HEIGHT="29" CONTENT="University" WC="1.00" CC="4000030000"/>
						<SP ID="P8_SP00603" HPOS="958" VPOS="1574" WIDTH="7"/>
						<String ID="P8_ST00741" HPOS="965" VPOS="1545" WIDTH="27" HEIGHT="22" CONTENT="of" WC="1.00" CC="00"/>
						<SP ID="P8_SP00604" HPOS="992" VPOS="1574" WIDTH="7"/>
						<String ID="P8_ST00742" HPOS="999" VPOS="1545" WIDTH="71" HEIGHT="22" CONTENT="North" WC="1.00" CC="00002"/>
						<SP ID="P8_SP00605" HPOS="1070" VPOS="1574" WIDTH="8"/>
						<String ID="P8_ST00743" HPOS="1078" VPOS="1545" WIDTH="107" HEIGHT="23" CONTENT="Carolina" WC="1.00" CC="00000000"/>
					</TextLine>
					<TextLine ID="P8_TL00139" HPOS="715" VPOS="1583" WIDTH="470" HEIGHT="25">
						<String ID="P8_ST00744" HPOS="715" VPOS="1583" WIDTH="21" HEIGHT="22" CONTENT="in" WC="0.75" CC="40"/>
						<SP ID="P8_SP00606" HPOS="736" VPOS="1605" WIDTH="18"/>
						<String ID="P8_ST00745" HPOS="754" VPOS="1583" WIDTH="65" HEIGHT="25" CONTENT="1990," WC="0.62" CC="07550"/>
						<SP ID="P8_SP00607" HPOS="819" VPOS="1608" WIDTH="13"/>
						<String ID="P8_ST00746" HPOS="832" VPOS="1583" WIDTH="39" HEIGHT="22" CONTENT="she" WC="1.00" CC="000"/>
						<SP ID="P8_SP00608" HPOS="871" VPOS="1608" WIDTH="14"/>
						<String ID="P8_ST00747" HPOS="885" VPOS="1583" WIDTH="43" HEIGHT="22" CONTENT="had" WC="1.00" CC="000"/>
						<SP ID="P8_SP00609" HPOS="928" VPOS="1608" WIDTH="13"/>
						<String ID="P8_ST00748" HPOS="941" VPOS="1590" WIDTH="12" HEIGHT="15" CONTENT="a" WC="1.00" CC="0"/>
						<SP ID="P8_SP00610" HPOS="953" VPOS="1608" WIDTH="14"/>
						<String ID="P8_ST00749" HPOS="967" VPOS="1583" WIDTH="125" HEIGHT="22" CONTENT="basketball" WC="1.00" CC="6000000020"/>
						<SP ID="P8_SP00611" HPOS="1092" VPOS="1608" WIDTH="15"/>
						<String ID="P8_ST00750" HPOS="1107" VPOS="1583" WIDTH="22" HEIGHT="22" CONTENT="in" WC="0.82" CC="30"/>
						<SP ID="P8_SP00612" HPOS="1129" VPOS="1608" WIDTH="12"/>
						<String ID="P8_ST00751" HPOS="1141" VPOS="1590" WIDTH="44" HEIGHT="15" CONTENT="one" WC="1.00" CC="000"/>
					</TextLine>
					<TextLine ID="P8_TL00140" HPOS="714" VPOS="1621" WIDTH="471" HEIGHT="22">
						<String ID="P8_ST00752" HPOS="714" VPOS="1621" WIDTH="59" HEIGHT="22" CONTENT="hand" WC="0.96" CC="4840"/>
						<SP ID="P8_SP00613" HPOS="773" VPOS="1643" WIDTH="18"/>
						<String ID="P8_ST00753" HPOS="791" VPOS="1621" WIDTH="43" HEIGHT="21" CONTENT="and" WC="0.98" CC="040"/>
						<SP ID="P8_SP00614" HPOS="834" VPOS="1643" WIDTH="18"/>
						<String ID="P8_ST00754" HPOS="852" VPOS="1628" WIDTH="12" HEIGHT="14" CONTENT="a" WC="1.00" CC="0"/>
						<SP ID="P8_SP00615" HPOS="864" VPOS="1643" WIDTH="17"/>
						<String ID="P8_ST00755" HPOS="881" VPOS="1621" WIDTH="105" HEIGHT="22" CONTENT="business" WC="1.00" CC="03030100"/>
						<SP ID="P8_SP00616" HPOS="986" VPOS="1643" WIDTH="18"/>
						<String ID="P8_ST00756" HPOS="1004" VPOS="1621" WIDTH="181" HEIGHT="22" CONTENT="administration" WC="1.00" CC="00050600000240"/>
					</TextLine>
					<TextLine ID="P8_TL00141" HPOS="713" VPOS="1659" WIDTH="472" HEIGHT="28">
						<String ID="P8_ST00757" HPOS="713" VPOS="1659" WIDTH="83" HEIGHT="28" CONTENT="degree" WC="1.00" CC="040000"/>
						<SP ID="P8_SP00617" HPOS="796" VPOS="1687" WIDTH="17"/>
						<String ID="P8_ST00758" HPOS="813" VPOS="1659" WIDTH="21" HEIGHT="22" CONTENT="in" WC="1.00" CC="00"/>
						<SP ID="P8_SP00618" HPOS="834" VPOS="1687" WIDTH="15"/>
						<String ID="P8_ST00759" HPOS="849" VPOS="1659" WIDTH="37" HEIGHT="22" CONTENT="the" WC="0.97" CC="340"/>
						<SP ID="P8_SP00619" HPOS="886" VPOS="1687" WIDTH="16"/>
						<String ID="P8_ST00760" HPOS="902" VPOS="1659" WIDTH="67" HEIGHT="22" CONTENT="other." WC="1.00" CC="005000"/>
						<SP ID="P8_SP00620" HPOS="969" VPOS="1687" WIDTH="17"/>
						<String ID="P8_ST00761" HPOS="986" VPOS="1659" WIDTH="45" HEIGHT="22" CONTENT="She" WC="0.95" CC="364"/>
						<SP ID="P8_SP00621" HPOS="1031" VPOS="1687" WIDTH="15"/>
						<String ID="P8_ST00762" HPOS="1046" VPOS="1659" WIDTH="69" HEIGHT="22" CONTENT="could" WC="0.99" CC="05300"/>
						<SP ID="P8_SP00622" HPOS="1115" VPOS="1687" WIDTH="16"/>
						<String ID="P8_ST00763" HPOS="1131" VPOS="1659" WIDTH="54" HEIGHT="28" CONTENT="only" WC="0.98" CC="4050"/>
					</TextLine>
					<TextLine ID="P8_TL00142" HPOS="713" VPOS="1697" WIDTH="147" HEIGHT="22">
						<String ID="P8_ST00764" HPOS="713" VPOS="1697" WIDTH="87" HEIGHT="22" CONTENT="choose" WC="0.99" CC="000330"/>
						<SP ID="P8_SP00623" HPOS="800" VPOS="1719" WIDTH="9"/>
						<String ID="P8_ST00765" HPOS="809" VPOS="1703" WIDTH="51" HEIGHT="16" CONTENT="one." WC="1.00" CC="0000"/>
					</TextLine>
					<TextLine ID="P8_TL00143" HPOS="757" VPOS="1734" WIDTH="428" HEIGHT="30">
						<String ID="P8_ST00766" HPOS="757" VPOS="1735" WIDTH="42" HEIGHT="22" CONTENT="For" WC="0.99" CC="020"/>
						<SP ID="P8_SP00624" HPOS="799" VPOS="1757" WIDTH="17"/>
						<String ID="P8_ST00767" HPOS="816" VPOS="1734" WIDTH="52" HEIGHT="23" CONTENT="four" WC="0.98" CC="5500"/>
						<SP ID="P8_SP00625" HPOS="868" VPOS="1757" WIDTH="15"/>
						<String ID="P8_ST00768" HPOS="883" VPOS="1742" WIDTH="73" HEIGHT="21" CONTENT="years," WC="1.00" CC="000000"/>
						<SP ID="P8_SP00626" HPOS="956" VPOS="1763" WIDTH="18"/>
						<String ID="P8_ST00769" HPOS="974" VPOS="1735" WIDTH="111" HEIGHT="28" CONTENT="Kennedy" WC="1.00" CC="1030000"/>
						<SP ID="P8_SP00627" HPOS="1085" VPOS="1763" WIDTH="18"/>
						<String ID="P8_ST00770" HPOS="1103" VPOS="1735" WIDTH="82" HEIGHT="29" CONTENT="played" WC="1.00" CC="000000"/>
					</TextLine>
					<TextLine ID="P8_TL00144" HPOS="714" VPOS="1772" WIDTH="471" HEIGHT="23">
						<String ID="P8_ST00771" HPOS="714" VPOS="1772" WIDTH="126" HEIGHT="22" CONTENT="basketball" WC="1.00" CC="0000006060"/>
						<SP ID="P8_SP00628" HPOS="840" VPOS="1794" WIDTH="20"/>
						<String ID="P8_ST00772" HPOS="860" VPOS="1772" WIDTH="36" HEIGHT="22" CONTENT="for" WC="0.99" CC="030"/>
						<SP ID="P8_SP00629" HPOS="896" VPOS="1794" WIDTH="18"/>
						<String ID="P8_ST00773" HPOS="914" VPOS="1772" WIDTH="36" HEIGHT="22" CONTENT="the" WC="0.98" CC="400"/>
						<SP ID="P8_SP00630" HPOS="950" VPOS="1794" WIDTH="19"/>
						<String ID="P8_ST00774" HPOS="969" VPOS="1773" WIDTH="41" HEIGHT="21" CONTENT="Tar" WC="0.98" CC="201"/>
						<SP ID="P8_SP00631" HPOS="1010" VPOS="1794" WIDTH="19"/>
						<String ID="P8_ST00775" HPOS="1029" VPOS="1772" WIDTH="69" HEIGHT="23" CONTENT="Heels" WC="1.00" CC="30000"/>
						<SP ID="P8_SP00632" HPOS="1098" VPOS="1795" WIDTH="20"/>
						<String ID="P8_ST00776" HPOS="1118" VPOS="1772" WIDTH="67" HEIGHT="22" CONTENT="while" WC="0.97" CC="94500"/>
					</TextLine>
					<TextLine ID="P8_TL00145" HPOS="715" VPOS="1810" WIDTH="470" HEIGHT="29">
						<String ID="P8_ST00777" HPOS="715" VPOS="1810" WIDTH="106" HEIGHT="29" CONTENT="studying" WC="0.99" CC="06009010"/>
						<SP ID="P8_SP00633" HPOS="821" VPOS="1839" WIDTH="30"/>
						<String ID="P8_ST00778" HPOS="851" VPOS="1810" WIDTH="106" HEIGHT="22" CONTENT="business" WC="1.00" CC="00000080"/>
						<SP ID="P8_SP00634" HPOS="957" VPOS="1839" WIDTH="29"/>
						<String ID="P8_ST00779" HPOS="986" VPOS="1814" WIDTH="22" HEIGHT="18" CONTENT="at" WC="1.00" CC="00"/>
						<SP ID="P8_SP00635" HPOS="1008" VPOS="1839" WIDTH="30"/>
						<String ID="P8_ST00780" HPOS="1038" VPOS="1810" WIDTH="71" HEIGHT="22" CONTENT="UNC." WC="0.89" CC="4000"/>
						<SP ID="P8_SP00636" HPOS="1109" VPOS="1839" WIDTH="31"/>
						<String ID="P8_ST00781" HPOS="1140" VPOS="1810" WIDTH="45" HEIGHT="22" CONTENT="She" WC="1.00" CC="000"/>
					</TextLine>
					<TextLine ID="P8_TL00146" HPOS="713" VPOS="1847" WIDTH="472" HEIGHT="23">
						<String ID="P8_ST00782" HPOS="713" VPOS="1847" WIDTH="104" HEIGHT="23" CONTENT="excelled" WC="0.99" CC="06032200"/>
						<SP ID="P8_SP00637" HPOS="817" VPOS="1870" WIDTH="21"/>
						<String ID="P8_ST00783" HPOS="838" VPOS="1848" WIDTH="21" HEIGHT="21" CONTENT="in" WC="0.70" CC="05"/>
						<SP ID="P8_SP00638" HPOS="859" VPOS="1870" WIDTH="21"/>
						<String ID="P8_ST00784" HPOS="880" VPOS="1848" WIDTH="36" HEIGHT="21" CONTENT="the" WC="1.00" CC="000"/>
						<SP ID="P8_SP00639" HPOS="916" VPOS="1870" WIDTH="20"/>
						<String ID="P8_ST00785" HPOS="936" VPOS="1848" WIDTH="126" HEIGHT="22" CONTENT="classroom" WC="0.99" CC="730200040"/>
						<SP ID="P8_SP00640" HPOS="1062" VPOS="1870" WIDTH="21"/>
						<String ID="P8_ST00786" HPOS="1083" VPOS="1848" WIDTH="43" HEIGHT="21" CONTENT="and" WC="1.00" CC="000"/>
						<SP ID="P8_SP00641" HPOS="1126" VPOS="1870" WIDTH="21"/>
						<String ID="P8_ST00787" HPOS="1147" VPOS="1848" WIDTH="38" HEIGHT="21" CONTENT="her" WC="1.00" CC="000"/>
					</TextLine>
					<TextLine ID="P8_TL00147" HPOS="714" VPOS="1885" WIDTH="470" HEIGHT="29">
						<String ID="P8_ST00788" HPOS="714" VPOS="1885" WIDTH="51" HEIGHT="29" CONTENT="play" WC="1.00" CC="0200"/>
						<SP ID="P8_SP00642" HPOS="765" VPOS="1914" WIDTH="17"/>
						<String ID="P8_ST00789" HPOS="782" VPOS="1892" WIDTH="30" HEIGHT="15" CONTENT="on" WC="1.00" CC="00"/>
						<SP ID="P8_SP00643" HPOS="812" VPOS="1914" WIDTH="19"/>
						<String ID="P8_ST00790" HPOS="831" VPOS="1885" WIDTH="36" HEIGHT="22" CONTENT="the" WC="1.00" CC="000"/>
						<SP ID="P8_SP00644" HPOS="867" VPOS="1914" WIDTH="17"/>
						<String ID="P8_ST00791" HPOS="884" VPOS="1890" WIDTH="63" HEIGHT="17" CONTENT="court" WC="0.99" CC="32000"/>
						<SP ID="P8_SP00645" HPOS="947" VPOS="1914" WIDTH="17"/>
						<String ID="P8_ST00792" HPOS="964" VPOS="1885" WIDTH="83" HEIGHT="22" CONTENT="earned" WC="1.00" CC="000000"/>
						<SP ID="P8_SP00646" HPOS="1047" VPOS="1914" WIDTH="18"/>
						<String ID="P8_ST00793" HPOS="1065" VPOS="1885" WIDTH="40" HEIGHT="22" CONTENT="her" WC="1.00" CC="000"/>
						<SP ID="P8_SP00647" HPOS="1105" VPOS="1914" WIDTH="17"/>
						<String ID="P8_ST00794" HPOS="1122" VPOS="1885" WIDTH="62" HEIGHT="22" CONTENT="Most" WC="0.99" CC="0400"/>
					</TextLine>
					<TextLine ID="P8_TL00148" HPOS="714" VPOS="1923" WIDTH="470" HEIGHT="29">
						<String ID="P8_ST00795" HPOS="714" VPOS="1924" WIDTH="120" HEIGHT="28" CONTENT="Improved" WC="1.00" CC="00004020"/>
						<SP ID="P8_SP00648" HPOS="834" VPOS="1952" WIDTH="23"/>
						<String ID="P8_ST00796" HPOS="857" VPOS="1923" WIDTH="79" HEIGHT="28" CONTENT="Player" WC="1.00" CC="000031"/>
						<SP ID="P8_SP00649" HPOS="936" VPOS="1952" WIDTH="22"/>
						<String ID="P8_ST00797" HPOS="958" VPOS="1924" WIDTH="90" HEIGHT="22" CONTENT="Honors" WC="1.00" CC="000400"/>
						<SP ID="P8_SP00650" HPOS="1048" VPOS="1952" WIDTH="23"/>
						<String ID="P8_ST00798" HPOS="1071" VPOS="1924" WIDTH="21" HEIGHT="22" CONTENT="in" WC="1.00" CC="00"/>
						<SP ID="P8_SP00651" HPOS="1092" VPOS="1952" WIDTH="27"/>
						<String ID="P8_ST00799" HPOS="1119" VPOS="1924" WIDTH="65" HEIGHT="24" CONTENT="1988," WC="0.93" CC="03000"/>
					</TextLine>
					<TextLine ID="P8_TL00149" HPOS="715" VPOS="1961" WIDTH="468" HEIGHT="22">
						<String ID="P8_ST00800" HPOS="715" VPOS="1961" WIDTH="128" HEIGHT="22" CONTENT="Basketball" WC="1.00" CC="1000026014"/>
						<SP ID="P8_SP00652" HPOS="843" VPOS="1983" WIDTH="10"/>
						<String ID="P8_ST00801" HPOS="853" VPOS="1961" WIDTH="81" HEIGHT="22" CONTENT="Senior" WC="1.00" CC="000000"/>
						<SP ID="P8_SP00653" HPOS="934" VPOS="1983" WIDTH="6"/>
						<String ID="P8_ST00802" HPOS="940" VPOS="1962" WIDTH="79" HEIGHT="21" CONTENT="Award" WC="1.00" CC="00000"/>
						<SP ID="P8_SP00654" HPOS="1019" VPOS="1983" WIDTH="9"/>
						<String ID="P8_ST00803" HPOS="1028" VPOS="1962" WIDTH="43" HEIGHT="21" CONTENT="and" WC="0.95" CC="930"/>
						<SP ID="P8_SP00655" HPOS="1071" VPOS="1983" WIDTH="8"/>
						<String ID="P8_ST00804" HPOS="1079" VPOS="1961" WIDTH="104" HEIGHT="22" CONTENT="Scholar-" WC="1.00" CC="14001020"/>
					</TextLine>
					<TextLine ID="P8_TL00150" HPOS="715" VPOS="1999" WIDTH="199" HEIGHT="22">
						<String ID="P8_ST00805" HPOS="715" VPOS="1999" WIDTH="88" HEIGHT="22" CONTENT="Athlete" WC="0.99" CC="0053260"/>
						<SP ID="P8_SP00656" HPOS="803" VPOS="2021" WIDTH="12"/>
						<String ID="P8_ST00806" HPOS="815" VPOS="1999" WIDTH="21" HEIGHT="22" CONTENT="in" WC="0.86" CC="20"/>
						<SP ID="P8_SP00657" HPOS="836" VPOS="2021" WIDTH="15"/>
						<String ID="P8_ST00807" HPOS="851" VPOS="1999" WIDTH="63" HEIGHT="22" CONTENT="1990." WC="0.99" CC="00000"/>
					</TextLine>
					<TextLine ID="P8_TL00151" HPOS="757" VPOS="2036" WIDTH="426" HEIGHT="29">
						<String ID="P8_ST00808" HPOS="757" VPOS="2037" WIDTH="118" HEIGHT="25" CONTENT="However," WC="0.99" CC="64000000"/>
						<SP ID="P8_SP00658" HPOS="875" VPOS="2062" WIDTH="76"/>
						<String ID="P8_ST00809" HPOS="951" VPOS="2043" WIDTH="24" HEIGHT="16" CONTENT="as" WC="1.00" CC="00"/>
						<SP ID="P8_SP00659" HPOS="975" VPOS="2062" WIDTH="75"/>
						<String ID="P8_ST00810" HPOS="1050" VPOS="2036" WIDTH="133" HEIGHT="29" CONTENT="graduation" WC="1.00" CC="0000002341"/>
					</TextLine>
					<TextLine ID="P8_TL00152" HPOS="714" VPOS="2074" WIDTH="470" HEIGHT="29">
						<String ID="P8_ST00811" HPOS="714" VPOS="2075" WIDTH="150" HEIGHT="28" CONTENT="approached," WC="1.00" CC="00009070000"/>
						<SP ID="P8_SP00660" HPOS="864" VPOS="2103" WIDTH="11"/>
						<String ID="P8_ST00812" HPOS="875" VPOS="2075" WIDTH="110" HEIGHT="28" CONTENT="Kennedy" WC="1.00" CC="0003000"/>
						<SP ID="P8_SP00661" HPOS="985" VPOS="2103" WIDTH="11"/>
						<String ID="P8_ST00813" HPOS="996" VPOS="2081" WIDTH="48" HEIGHT="15" CONTENT="was" WC="0.99" CC="030"/>
						<SP ID="P8_SP00662" HPOS="1044" VPOS="2103" WIDTH="9"/>
						<String ID="P8_ST00814" HPOS="1053" VPOS="2074" WIDTH="66" HEIGHT="22" CONTENT="faced" WC="0.99" CC="00400"/>
						<SP ID="P8_SP00663" HPOS="1119" VPOS="2103" WIDTH="11"/>
						<String ID="P8_ST00815" HPOS="1130" VPOS="2074" WIDTH="54" HEIGHT="22" CONTENT="with" WC="0.99" CC="0040"/>
					</TextLine>
					<TextLine ID="P8_TL00153" HPOS="715" VPOS="2112" WIDTH="469" HEIGHT="28">
						<String ID="P8_ST00816" HPOS="715" VPOS="2117" WIDTH="45" HEIGHT="17" CONTENT="two" WC="0.93" CC="189"/>
						<SP ID="P8_SP00664" HPOS="760" VPOS="2134" WIDTH="10"/>
						<String ID="P8_ST00817" HPOS="770" VPOS="2112" WIDTH="99" HEIGHT="28" CONTENT="options:" WC="0.98" CC="05075407"/>
						<SP ID="P8_SP00665" HPOS="869" VPOS="2140" WIDTH="12"/>
						<String ID="P8_ST00818" HPOS="881" VPOS="2112" WIDTH="134" HEIGHT="28" CONTENT="continuing" WC="0.99" CC="6410454700"/>
						<SP ID="P8_SP00666" HPOS="1015" VPOS="2140" WIDTH="11"/>
						<String ID="P8_ST00819" HPOS="1026" VPOS="2112" WIDTH="39" HEIGHT="22" CONTENT="her" WC="1.00" CC="000"/>
						<SP ID="P8_SP00667" HPOS="1065" VPOS="2140" WIDTH="10"/>
						<String ID="P8_ST00820" HPOS="1075" VPOS="2119" WIDTH="77" HEIGHT="15" CONTENT="career" WC="0.98" CC="403027"/>
						<SP ID="P8_SP00668" HPOS="1152" VPOS="2140" WIDTH="10"/>
						<String ID="P8_ST00821" HPOS="1162" VPOS="2112" WIDTH="22" HEIGHT="22" CONTENT="in" WC="1.00" CC="00"/>
					</TextLine>
					<TextLine ID="P8_TL00154" HPOS="717" VPOS="2149" WIDTH="468" HEIGHT="28">
						<String ID="P8_ST00822" HPOS="717" VPOS="2150" WIDTH="59" HEIGHT="22" CONTENT="what" WC="0.99" CC="0060"/>
						<SP ID="P8_SP00669" HPOS="776" VPOS="2172" WIDTH="6"/>
						<String ID="P8_ST00823" HPOS="782" VPOS="2150" WIDTH="40" HEIGHT="22" CONTENT="she" WC="0.95" CC="344"/>
						<SP ID="P8_SP00670" HPOS="822" VPOS="2172" WIDTH="8"/>
						<String ID="P8_ST00824" HPOS="830" VPOS="2150" WIDTH="74" HEIGHT="23" CONTENT="loved," WC="0.99" CC="030600"/>
						<SP ID="P8_SP00671" HPOS="904" VPOS="2173" WIDTH="8"/>
						<String ID="P8_ST00825" HPOS="912" VPOS="2150" WIDTH="133" HEIGHT="24" CONTENT="basketball," WC="0.99" CC="50004340210"/>
						<SP ID="P8_SP00672" HPOS="1045" VPOS="2174" WIDTH="7"/>
						<String ID="P8_ST00826" HPOS="1052" VPOS="2156" WIDTH="25" HEIGHT="16" CONTENT="or" WC="0.61" CC="52"/>
						<SP ID="P8_SP00673" HPOS="1077" VPOS="2174" WIDTH="6"/>
						<String ID="P8_ST00827" HPOS="1083" VPOS="2149" WIDTH="102" HEIGHT="28" CONTENT="utilizing" WC="0.99" CC="303255209"/>
					</TextLine>
					<TextLine ID="P8_TL00155" HPOS="714" VPOS="2186" WIDTH="470" HEIGHT="29">
						<String ID="P8_ST00828" HPOS="714" VPOS="2187" WIDTH="36" HEIGHT="21" CONTENT="the" WC="0.95" CC="317"/>
						<SP ID="P8_SP00674" HPOS="750" VPOS="2208" WIDTH="8"/>
						<String ID="P8_ST00829" HPOS="758" VPOS="2186" WIDTH="121" HEIGHT="23" CONTENT="education" WC="0.99" CC="605704043"/>
						<SP ID="P8_SP00675" HPOS="879" VPOS="2209" WIDTH="9"/>
						<String ID="P8_ST00830" HPOS="888" VPOS="2186" WIDTH="40" HEIGHT="22" CONTENT="she" WC="0.98" CC="040"/>
						<SP ID="P8_SP00676" HPOS="928" VPOS="2209" WIDTH="8"/>
						<String ID="P8_ST00831" HPOS="936" VPOS="2186" WIDTH="105" HEIGHT="23" CONTENT="received" WC="0.99" CC="30024017"/>
						<SP ID="P8_SP00677" HPOS="1041" VPOS="2209" WIDTH="10"/>
						<String ID="P8_ST00832" HPOS="1051" VPOS="2190" WIDTH="23" HEIGHT="18" CONTENT="to" WC="0.58" CC="52"/>
						<SP ID="P8_SP00678" HPOS="1074" VPOS="2209" WIDTH="7"/>
						<String ID="P8_ST00833" HPOS="1081" VPOS="2193" WIDTH="82" HEIGHT="22" CONTENT="pursue" WC="1.00" CC="000000"/>
						<SP ID="P8_SP00679" HPOS="1163" VPOS="2215" WIDTH="9"/>
						<String ID="P8_ST00834" HPOS="1172" VPOS="2194" WIDTH="12" HEIGHT="14" CONTENT="a" WC="0.72" CC="2"/>
					</TextLine>
					<TextLine ID="P8_TL00156" HPOS="712" VPOS="2224" WIDTH="340" HEIGHT="22">
						<String ID="P8_ST00835" HPOS="712" VPOS="2231" WIDTH="77" HEIGHT="15" CONTENT="career" WC="1.00" CC="000003"/>
						<SP ID="P8_SP00680" HPOS="789" VPOS="2246" WIDTH="9"/>
						<String ID="P8_ST00836" HPOS="798" VPOS="2224" WIDTH="22" HEIGHT="22" CONTENT="in" WC="0.97" CC="00"/>
						<SP ID="P8_SP00681" HPOS="820" VPOS="2246" WIDTH="11"/>
						<String ID="P8_ST00837" HPOS="831" VPOS="2224" WIDTH="35" HEIGHT="22" CONTENT="the" WC="0.97" CC="710"/>
						<SP ID="P8_SP00682" HPOS="866" VPOS="2246" WIDTH="11"/>
						<String ID="P8_ST00838" HPOS="877" VPOS="2224" WIDTH="105" HEIGHT="22" CONTENT="business" WC="0.99" CC="50400090"/>
						<SP ID="P8_SP00683" HPOS="982" VPOS="2246" WIDTH="10"/>
						<String ID="P8_ST00839" HPOS="992" VPOS="2224" WIDTH="60" HEIGHT="22" CONTENT="field." WC="1.00" CC="000000"/>
					</TextLine>
					<TextLine ID="P8_TL00157" HPOS="755" VPOS="2262" WIDTH="427" HEIGHT="29">
						<String ID="P8_ST00840" HPOS="755" VPOS="2262" WIDTH="111" HEIGHT="28" CONTENT="Kennedy" WC="1.00" CC="0004000"/>
						<SP ID="P8_SP00684" HPOS="866" VPOS="2290" WIDTH="13"/>
						<String ID="P8_ST00841" HPOS="879" VPOS="2262" WIDTH="97" HEIGHT="22" CONTENT="decided" WC="1.00" CC="0000000"/>
						<SP ID="P8_SP00685" HPOS="976" VPOS="2290" WIDTH="14"/>
						<String ID="P8_ST00842" HPOS="990" VPOS="2266" WIDTH="23" HEIGHT="18" CONTENT="to" WC="0.79" CC="40"/>
						<SP ID="P8_SP00686" HPOS="1013" VPOS="2290" WIDTH="12"/>
						<String ID="P8_ST00843" HPOS="1025" VPOS="2269" WIDTH="82" HEIGHT="22" CONTENT="pursue" WC="1.00" CC="000000"/>
						<SP ID="P8_SP00687" HPOS="1107" VPOS="2291" WIDTH="14"/>
						<String ID="P8_ST00844" HPOS="1121" VPOS="2262" WIDTH="61" HEIGHT="22" CONTENT="both." WC="0.99" CC="06000"/>
					</TextLine>
					<TextLine ID="P8_TL00158" HPOS="712" VPOS="2299" WIDTH="471" HEIGHT="29">
						<String ID="P8_ST00845" HPOS="712" VPOS="2300" WIDTH="45" HEIGHT="22" CONTENT="She" WC="1.00" CC="000"/>
						<SP ID="P8_SP00688" HPOS="757" VPOS="2322" WIDTH="19"/>
						<String ID="P8_ST00846" HPOS="776" VPOS="2299" WIDTH="108" HEIGHT="29" CONTENT="accepted" WC="1.00" CC="00000000"/>
						<SP ID="P8_SP00689" HPOS="884" VPOS="2328" WIDTH="18"/>
						<String ID="P8_ST00847" HPOS="902" VPOS="2306" WIDTH="28" HEIGHT="16" CONTENT="an" WC="1.00" CC="00"/>
						<SP ID="P8_SP00690" HPOS="930" VPOS="2328" WIDTH="17"/>
						<String ID="P8_ST00848" HPOS="947" VPOS="2300" WIDTH="106" HEIGHT="22" CONTENT="assistant" WC="1.00" CC="000500000"/>
						<SP ID="P8_SP00691" HPOS="1053" VPOS="2328" WIDTH="17"/>
						<String ID="P8_ST00849" HPOS="1070" VPOS="2299" WIDTH="113" HEIGHT="29" CONTENT="coaching" WC="1.00" CC="25000010"/>
					</TextLine>
					<TextLine ID="P8_TL00159" HPOS="712" VPOS="2338" WIDTH="471" HEIGHT="28">
						<String ID="P8_ST00850" HPOS="712" VPOS="2338" WIDTH="100" HEIGHT="28" CONTENT="position" WC="1.00" CC="00006010"/>
						<SP ID="P8_SP00692" HPOS="812" VPOS="2366" WIDTH="17"/>
						<String ID="P8_ST00851" HPOS="829" VPOS="2342" WIDTH="21" HEIGHT="18" CONTENT="at" WC="1.00" CC="00"/>
						<SP ID="P8_SP00693" HPOS="850" VPOS="2366" WIDTH="17"/>
						<String ID="P8_ST00852" HPOS="867" VPOS="2338" WIDTH="36" HEIGHT="22" CONTENT="the" WC="0.98" CC="500"/>
						<SP ID="P8_SP00694" HPOS="903" VPOS="2366" WIDTH="18"/>
						<String ID="P8_ST00853" HPOS="921" VPOS="2338" WIDTH="131" HEIGHT="28" CONTENT="University" WC="1.00" CC="3000003000"/>
						<SP ID="P8_SP00695" HPOS="1052" VPOS="2366" WIDTH="17"/>
						<String ID="P8_ST00854" HPOS="1069" VPOS="2338" WIDTH="27" HEIGHT="22" CONTENT="of" WC="0.67" CC="24"/>
						<SP ID="P8_SP00696" HPOS="1096" VPOS="2366" WIDTH="16"/>
						<String ID="P8_ST00855" HPOS="1112" VPOS="2338" WIDTH="71" HEIGHT="22" CONTENT="North" WC="1.00" CC="00020"/>
					</TextLine>
					<TextLine ID="P8_TL00160" HPOS="712" VPOS="2376" WIDTH="471" HEIGHT="28">
						<String ID="P8_ST00856" HPOS="712" VPOS="2376" WIDTH="108" HEIGHT="22" CONTENT="Carolina" WC="1.00" CC="00006100"/>
						<SP ID="P8_SP00697" HPOS="820" VPOS="2398" WIDTH="10"/>
						<String ID="P8_ST00857" HPOS="830" VPOS="2376" WIDTH="149" HEIGHT="28" CONTENT="Wilmington" WC="1.00" CC="0009000300"/>
						<SP ID="P8_SP00698" HPOS="979" VPOS="2404" WIDTH="10"/>
						<String ID="P8_ST00858" HPOS="989" VPOS="2376" WIDTH="68" HEIGHT="22" CONTENT="while" WC="0.99" CC="02200"/>
						<SP ID="P8_SP00699" HPOS="1057" VPOS="2404" WIDTH="11"/>
						<String ID="P8_ST00859" HPOS="1068" VPOS="2376" WIDTH="115" HEIGHT="28" CONTENT="attending" WC="1.00" CC="000030320"/>
					</TextLine>
					<TextLine ID="P8_TL00161" HPOS="713" VPOS="2413" WIDTH="275" HEIGHT="29">
						<String ID="P8_ST00860" HPOS="713" VPOS="2414" WIDTH="107" HEIGHT="28" CONTENT="graduate" WC="0.99" CC="03000036"/>
						<SP ID="P8_SP00700" HPOS="820" VPOS="2442" WIDTH="11"/>
						<String ID="P8_ST00861" HPOS="831" VPOS="2413" WIDTH="78" HEIGHT="22" CONTENT="school" WC="0.99" CC="003055"/>
						<SP ID="P8_SP00701" HPOS="909" VPOS="2442" WIDTH="11"/>
						<String ID="P8_ST00862" HPOS="920" VPOS="2413" WIDTH="68" HEIGHT="23" CONTENT="there." WC="1.00" CC="020000"/>
					</TextLine>
					<TextLine ID="P8_TL00162" HPOS="756" VPOS="2451" WIDTH="427" HEIGHT="29">
						<String ID="P8_ST00863" HPOS="756" VPOS="2452" WIDTH="20" HEIGHT="21" CONTENT="A" WC="1.00" CC="0"/>
						<SP ID="P8_SP00702" HPOS="776" VPOS="2473" WIDTH="14"/>
						<String ID="P8_ST00864" HPOS="790" VPOS="2451" WIDTH="45" HEIGHT="22" CONTENT="few" WC="0.98" CC="500"/>
						<SP ID="P8_SP00703" HPOS="835" VPOS="2473" WIDTH="15"/>
						<String ID="P8_ST00865" HPOS="850" VPOS="2451" WIDTH="77" HEIGHT="22" CONTENT="weeks" WC="1.00" CC="00000"/>
						<SP ID="P8_SP00704" HPOS="927" VPOS="2473" WIDTH="15"/>
						<String ID="P8_ST00866" HPOS="942" VPOS="2451" WIDTH="57" HEIGHT="22" CONTENT="after" WC="0.98" CC="06600"/>
						<SP ID="P8_SP00705" HPOS="999" VPOS="2473" WIDTH="14"/>
						<String ID="P8_ST00867" HPOS="1013" VPOS="2451" WIDTH="119" HEIGHT="29" CONTENT="accepting" WC="1.00" CC="000002300"/>
						<SP ID="P8_SP00706" HPOS="1132" VPOS="2480" WIDTH="14"/>
						<String ID="P8_ST00868" HPOS="1146" VPOS="2451" WIDTH="37" HEIGHT="22" CONTENT="the" WC="1.00" CC="000"/>
					</TextLine>
					<TextLine ID="P8_TL00163" HPOS="714" VPOS="2489" WIDTH="470" HEIGHT="29">
						<String ID="P8_ST00869" HPOS="714" VPOS="2489" WIDTH="108" HEIGHT="29" CONTENT="position," WC="0.99" CC="050005400"/>
						<SP ID="P8_SP00707" HPOS="822" VPOS="2518" WIDTH="17"/>
						<String ID="P8_ST00870" HPOS="839" VPOS="2489" WIDTH="93" HEIGHT="28" CONTENT="though." WC="0.99" CC="0350000"/>
						<SP ID="P8_SP00708" HPOS="932" VPOS="2518" WIDTH="19"/>
						<String ID="P8_ST00871" HPOS="951" VPOS="2489" WIDTH="110" HEIGHT="28" CONTENT="Kennedy" WC="1.00" CC="0020000"/>
						<SP ID="P8_SP00709" HPOS="1061" VPOS="2518" WIDTH="18"/>
						<String ID="P8_ST00872" HPOS="1079" VPOS="2489" WIDTH="105" HEIGHT="22" CONTENT="received" WC="1.00" CC="41000000"/>
					</TextLine>
					<TextLine ID="P8_TL00164" HPOS="714" VPOS="2525" WIDTH="470" HEIGHT="30">
						<String ID="P8_ST00873" HPOS="714" VPOS="2533" WIDTH="12" HEIGHT="15" CONTENT="a" WC="1.00" CC="0"/>
						<SP ID="P8_SP00710" HPOS="726" VPOS="2548" WIDTH="16"/>
						<String ID="P8_ST00874" HPOS="742" VPOS="2526" WIDTH="74" HEIGHT="29" CONTENT="phone" WC="1.00" CC="00000"/>
						<SP ID="P8_SP00711" HPOS="816" VPOS="2555" WIDTH="15"/>
						<String ID="P8_ST00875" HPOS="831" VPOS="2525" WIDTH="50" HEIGHT="23" CONTENT="call." WC="1.00" CC="00020"/>
						<SP ID="P8_SP00712" HPOS="881" VPOS="2555" WIDTH="16"/>
						<String ID="P8_ST00876" HPOS="897" VPOS="2526" WIDTH="37" HEIGHT="22" CONTENT="On" WC="1.00" CC="00"/>
						<SP ID="P8_SP00713" HPOS="934" VPOS="2555" WIDTH="15"/>
						<String ID="P8_ST00877" HPOS="949" VPOS="2526" WIDTH="36" HEIGHT="23" CONTENT="the" WC="0.98" CC="040"/>
						<SP ID="P8_SP00714" HPOS="985" VPOS="2555" WIDTH="15"/>
						<String ID="P8_ST00878" HPOS="1000" VPOS="2526" WIDTH="64" HEIGHT="22" CONTENT="other" WC="1.00" CC="00000"/>
						<SP ID="P8_SP00715" HPOS="1064" VPOS="2555" WIDTH="14"/>
						<String ID="P8_ST00879" HPOS="1078" VPOS="2526" WIDTH="44" HEIGHT="22" CONTENT="end" WC="0.99" CC="020"/>
						<SP ID="P8_SP00716" HPOS="1122" VPOS="2555" WIDTH="15"/>
						<String ID="P8_ST00880" HPOS="1137" VPOS="2533" WIDTH="47" HEIGHT="15" CONTENT="was" WC="1.00" CC="000"/>
					</TextLine>
					<TextLine ID="P8_TL00165" HPOS="714" VPOS="2564" WIDTH="470" HEIGHT="22">
						<String ID="P8_ST00881" HPOS="714" VPOS="2571" WIDTH="28" HEIGHT="15" CONTENT="an" WC="1.00" CC="00"/>
						<SP ID="P8_SP00717" HPOS="742" VPOS="2586" WIDTH="12"/>
						<String ID="P8_ST00882" HPOS="754" VPOS="2564" WIDTH="106" HEIGHT="22" CONTENT="assistant" WC="1.00" CC="000060000"/>
						<SP ID="P8_SP00718" HPOS="860" VPOS="2586" WIDTH="12"/>
						<String ID="P8_ST00883" HPOS="872" VPOS="2564" WIDTH="72" HEIGHT="22" CONTENT="coach" WC="0.99" CC="22010"/>
						<SP ID="P8_SP00719" HPOS="944" VPOS="2586" WIDTH="13"/>
						<String ID="P8_ST00884" HPOS="957" VPOS="2564" WIDTH="59" HEIGHT="22" CONTENT="from" WC="0.99" CC="0020"/>
						<SP ID="P8_SP00720" HPOS="1016" VPOS="2586" WIDTH="14"/>
						<String ID="P8_ST00885" HPOS="1030" VPOS="2564" WIDTH="63" HEIGHT="22" CONTENT="UNC" WC="0.89" CC="003"/>
						<SP ID="P8_SP00721" HPOS="1093" VPOS="2586" WIDTH="13"/>
						<String ID="P8_ST00886" HPOS="1106" VPOS="2564" WIDTH="53" HEIGHT="22" CONTENT="with" WC="0.99" CC="0105"/>
						<SP ID="P8_SP00722" HPOS="1159" VPOS="2586" WIDTH="13"/>
						<String ID="P8_ST00887" HPOS="1172" VPOS="2571" WIDTH="12" HEIGHT="15" CONTENT="a" WC="1.00" CC="0"/>
					</TextLine>
					<TextLine ID="P8_TL00166" HPOS="715" VPOS="2602" WIDTH="270" HEIGHT="29">
						<String ID="P8_ST00888" HPOS="715" VPOS="2602" WIDTH="110" HEIGHT="29" CONTENT="tempting" WC="1.00" CC="40000020"/>
						<SP ID="P8_SP00723" HPOS="825" VPOS="2631" WIDTH="10"/>
						<String ID="P8_ST00889" HPOS="835" VPOS="2602" WIDTH="150" HEIGHT="29" CONTENT="opportunity." WC="1.00" CC="300700050400"/>
					</TextLine>
					<TextLine ID="P8_TL00167" HPOS="757" VPOS="2640" WIDTH="427" HEIGHT="29">
						<String ID="P8_ST00890" HPOS="757" VPOS="2640" WIDTH="22" HEIGHT="22" CONTENT='"I' WC="0.46" CC="55"/>
						<SP ID="P8_SP00724" HPOS="779" VPOS="2662" WIDTH="9"/>
						<String ID="P8_ST00891" HPOS="788" VPOS="2640" WIDTH="43" HEIGHT="22" CONTENT="had" WC="1.00" CC="000"/>
						<SP ID="P8_SP00725" HPOS="831" VPOS="2662" WIDTH="9"/>
						<String ID="P8_ST00892" HPOS="840" VPOS="2640" WIDTH="67" HEIGHT="22" CONTENT="taken" WC="1.00" CC="00002"/>
						<SP ID="P8_SP00726" HPOS="907" VPOS="2662" WIDTH="8"/>
						<String ID="P8_ST00893" HPOS="915" VPOS="2640" WIDTH="36" HEIGHT="22" CONTENT="the" WC="1.00" CC="000"/>
						<SP ID="P8_SP00727" HPOS="951" VPOS="2662" WIDTH="7"/>
						<String ID="P8_ST00894" HPOS="958" VPOS="2640" WIDTH="40" HEIGHT="29" CONTENT="job" WC="0.99" CC="300"/>
						<SP ID="P8_SP00728" HPOS="998" VPOS="2669" WIDTH="9"/>
						<String ID="P8_ST00895" HPOS="1007" VPOS="2644" WIDTH="20" HEIGHT="18" CONTENT="at" WC="1.00" CC="00"/>
						<SP ID="P8_SP00729" HPOS="1027" VPOS="2669" WIDTH="8"/>
						<String ID="P8_ST00896" HPOS="1035" VPOS="2640" WIDTH="149" HEIGHT="29" CONTENT="Wilmington" WC="1.00" CC="0200103020"/>
					</TextLine>
					<TextLine ID="P8_TL00168" HPOS="715" VPOS="2677" WIDTH="469" HEIGHT="28">
						<String ID="P8_ST00897" HPOS="715" VPOS="2685" WIDTH="24" HEIGHT="15" CONTENT="as" WC="1.00" CC="00"/>
						<SP ID="P8_SP00730" HPOS="739" VPOS="2700" WIDTH="14"/>
						<String ID="P8_ST00898" HPOS="753" VPOS="2685" WIDTH="12" HEIGHT="15" CONTENT="a" WC="1.00" CC="0"/>
						<SP ID="P8_SP00731" HPOS="765" VPOS="2700" WIDTH="13"/>
						<String ID="P8_ST00899" HPOS="778" VPOS="2678" WIDTH="54" HEIGHT="27" CONTENT="grad" WC="0.96" CC="0010"/>
						<SP ID="P8_SP00732" HPOS="832" VPOS="2705" WIDTH="14"/>
						<String ID="P8_ST00900" HPOS="846" VPOS="2677" WIDTH="104" HEIGHT="23" CONTENT="assistant" WC="0.99" CC="099000102"/>
						<SP ID="P8_SP00733" HPOS="950" VPOS="2705" WIDTH="13"/>
						<String ID="P8_ST00901" HPOS="963" VPOS="2678" WIDTH="61" HEIGHT="22" CONTENT="there" WC="0.99" CC="23000"/>
						<SP ID="P8_SP00734" HPOS="1024" VPOS="2705" WIDTH="14"/>
						<String ID="P8_ST00902" HPOS="1038" VPOS="2678" WIDTH="44" HEIGHT="22" CONTENT="and" WC="0.99" CC="010"/>
						<SP ID="P8_SP00735" HPOS="1082" VPOS="2705" WIDTH="13"/>
						<String ID="P8_ST00903" HPOS="1095" VPOS="2685" WIDTH="12" HEIGHT="15" CONTENT="a" WC="1.00" CC="0"/>
						<SP ID="P8_SP00736" HPOS="1107" VPOS="2705" WIDTH="13"/>
						<String ID="P8_ST00904" HPOS="1120" VPOS="2678" WIDTH="64" HEIGHT="22" CONTENT="week" WC="1.00" CC="0000"/>
					</TextLine>
				</TextBlock>
				<TextBlock ID="P8_TB00014" HPOS="1227" VPOS="1394" WIDTH="476" HEIGHT="1276" STYLEREFS="TXT_0 PAR_LEFT">
					<TextLine ID="P8_TL00169" HPOS="1230" VPOS="1394" WIDTH="473" HEIGHT="29">
						<String ID="P8_ST00905" HPOS="1230" VPOS="1401" WIDTH="26" HEIGHT="15" CONTENT="or" WC="1.00" CC="00"/>
						<SP ID="P8_SP00737" HPOS="1256" VPOS="1416" WIDTH="11"/>
						<String ID="P8_ST00906" HPOS="1267" VPOS="1399" WIDTH="46" HEIGHT="17" CONTENT="two" WC="0.98" CC="040"/>
						<SP ID="P8_SP00738" HPOS="1313" VPOS="1416" WIDTH="11"/>
						<String ID="P8_ST00907" HPOS="1324" VPOS="1394" WIDTH="60" HEIGHT="25" CONTENT="later," WC="0.99" CC="700030"/>
						<SP ID="P8_SP00739" HPOS="1384" VPOS="1419" WIDTH="12"/>
						<String ID="P8_ST00908" HPOS="1396" VPOS="1401" WIDTH="37" HEIGHT="22" CONTENT="my" WC="1.00" CC="00"/>
						<SP ID="P8_SP00740" HPOS="1433" VPOS="1423" WIDTH="11"/>
						<String ID="P8_ST00909" HPOS="1444" VPOS="1395" WIDTH="106" HEIGHT="22" CONTENT="assistant" WC="1.00" CC="000100500"/>
						<SP ID="P8_SP00741" HPOS="1550" VPOS="1423" WIDTH="10"/>
						<String ID="P8_ST00910" HPOS="1560" VPOS="1395" WIDTH="72" HEIGHT="22" CONTENT="coach" WC="1.00" CC="00010"/>
						<SP ID="P8_SP00742" HPOS="1632" VPOS="1423" WIDTH="11"/>
						<String ID="P8_ST00911" HPOS="1643" VPOS="1394" WIDTH="60" HEIGHT="23" CONTENT="from" WC="0.97" CC="0238"/>
					</TextLine>
					<TextLine ID="P8_TL00170" HPOS="1231" VPOS="1432" WIDTH="472" HEIGHT="22">
						<String ID="P8_ST00912" HPOS="1231" VPOS="1432" WIDTH="72" HEIGHT="22" CONTENT="North" WC="1.00" CC="00000"/>
						<SP ID="P8_SP00743" HPOS="1303" VPOS="1454" WIDTH="18"/>
						<String ID="P8_ST00913" HPOS="1321" VPOS="1432" WIDTH="108" HEIGHT="22" CONTENT="Carolina" WC="1.00" CC="00000400"/>
						<SP ID="P8_SP00744" HPOS="1429" VPOS="1454" WIDTH="17"/>
						<String ID="P8_ST00914" HPOS="1446" VPOS="1432" WIDTH="75" HEIGHT="22" CONTENT="called" WC="0.99" CC="400030"/>
						<SP ID="P8_SP00745" HPOS="1521" VPOS="1454" WIDTH="17"/>
						<String ID="P8_ST00915" HPOS="1538" VPOS="1439" WIDTH="36" HEIGHT="15" CONTENT="me" WC="0.50" CC="90"/>
						<SP ID="P8_SP00746" HPOS="1574" VPOS="1454" WIDTH="19"/>
						<String ID="P8_ST00916" HPOS="1593" VPOS="1432" WIDTH="43" HEIGHT="22" CONTENT="and" WC="1.00" CC="000"/>
						<SP ID="P8_SP00747" HPOS="1636" VPOS="1454" WIDTH="18"/>
						<String ID="P8_ST00917" HPOS="1654" VPOS="1432" WIDTH="49" HEIGHT="22" CONTENT="said" WC="1.00" CC="0000"/>
					</TextLine>
					<TextLine ID="P8_TL00171" HPOS="1230" VPOS="1470" WIDTH="472" HEIGHT="29">
						<String ID="P8_ST00918" HPOS="1230" VPOS="1470" WIDTH="63" HEIGHT="22" CONTENT="there" WC="1.00" CC="02000"/>
						<SP ID="P8_SP00748" HPOS="1293" VPOS="1492" WIDTH="23"/>
						<String ID="P8_ST00919" HPOS="1316" VPOS="1476" WIDTH="47" HEIGHT="16" CONTENT="was" WC="0.99" CC="002"/>
						<SP ID="P8_SP00749" HPOS="1363" VPOS="1492" WIDTH="23"/>
						<String ID="P8_ST00920" HPOS="1386" VPOS="1476" WIDTH="27" HEIGHT="16" CONTENT="an" WC="0.98" CC="00"/>
						<SP ID="P8_SP00750" HPOS="1413" VPOS="1492" WIDTH="23"/>
						<String ID="P8_ST00921" HPOS="1436" VPOS="1471" WIDTH="146" HEIGHT="28" CONTENT="opportunity" WC="0.99" CC="00057001460"/>
						<SP ID="P8_SP00751" HPOS="1582" VPOS="1499" WIDTH="22"/>
						<String ID="P8_ST00922" HPOS="1604" VPOS="1474" WIDTH="24" HEIGHT="19" CONTENT="to" WC="0.79" CC="03"/>
						<SP ID="P8_SP00752" HPOS="1628" VPOS="1499" WIDTH="22"/>
						<String ID="P8_ST00923" HPOS="1650" VPOS="1470" WIDTH="52" HEIGHT="29" CONTENT="play" WC="1.00" CC="0000"/>
					</TextLine>
					<TextLine ID="P8_TL00172" HPOS="1231" VPOS="1507" WIDTH="396" HEIGHT="30">
						<String ID="P8_ST00924" HPOS="1231" VPOS="1508" WIDTH="126" HEIGHT="22" CONTENT="basketball" WC="1.00" CC="0080000003"/>
						<SP ID="P8_SP00753" HPOS="1357" VPOS="1530" WIDTH="12"/>
						<String ID="P8_ST00925" HPOS="1369" VPOS="1508" WIDTH="21" HEIGHT="22" CONTENT="in" WC="0.97" CC="00"/>
						<SP ID="P8_SP00754" HPOS="1390" VPOS="1530" WIDTH="11"/>
						<String ID="P8_ST00926" HPOS="1401" VPOS="1507" WIDTH="111" HEIGHT="30" CONTENT='Europe,"' WC="1.00" CC="50020000"/>
						<SP ID="P8_SP00755" HPOS="1512" VPOS="1537" WIDTH="10"/>
						<String ID="P8_ST00927" HPOS="1522" VPOS="1508" WIDTH="40" HEIGHT="22" CONTENT="she" WC="0.99" CC="030"/>
						<SP ID="P8_SP00756" HPOS="1562" VPOS="1537" WIDTH="10"/>
						<String ID="P8_ST00928" HPOS="1572" VPOS="1508" WIDTH="55" HEIGHT="22" CONTENT="said." WC="1.00" CC="00000"/>
					</TextLine>
					<TextLine ID="P8_TL00173" HPOS="1273" VPOS="1546" WIDTH="430" HEIGHT="29">
						<String ID="P8_ST00929" HPOS="1273" VPOS="1546" WIDTH="22" HEIGHT="22" CONTENT='"I' WC="0.66" CC="06"/>
						<SP ID="P8_SP00757" HPOS="1295" VPOS="1568" WIDTH="17"/>
						<String ID="P8_ST00930" HPOS="1312" VPOS="1546" WIDTH="45" HEIGHT="22" CONTENT="still" WC="1.00" CC="00040"/>
						<SP ID="P8_SP00758" HPOS="1357" VPOS="1568" WIDTH="17"/>
						<String ID="P8_ST00931" HPOS="1374" VPOS="1546" WIDTH="54" HEIGHT="22" CONTENT="kind" WC="1.00" CC="0010"/>
						<SP ID="P8_SP00759" HPOS="1428" VPOS="1568" WIDTH="16"/>
						<String ID="P8_ST00932" HPOS="1444" VPOS="1546" WIDTH="27" HEIGHT="22" CONTENT="of" WC="1.00" CC="00"/>
						<SP ID="P8_SP00760" HPOS="1471" VPOS="1568" WIDTH="14"/>
						<String ID="P8_ST00933" HPOS="1485" VPOS="1546" WIDTH="43" HEIGHT="22" CONTENT="had" WC="1.00" CC="000"/>
						<SP ID="P8_SP00761" HPOS="1528" VPOS="1568" WIDTH="16"/>
						<String ID="P8_ST00934" HPOS="1544" VPOS="1546" WIDTH="37" HEIGHT="22" CONTENT="the" WC="1.00" CC="000"/>
						<SP ID="P8_SP00762" HPOS="1581" VPOS="1568" WIDTH="17"/>
						<String ID="P8_ST00935" HPOS="1598" VPOS="1546" WIDTH="45" HEIGHT="29" CONTENT="bug" WC="1.00" CC="000"/>
						<SP ID="P8_SP00763" HPOS="1643" VPOS="1575" WIDTH="16"/>
						<String ID="P8_ST00936" HPOS="1659" VPOS="1546" WIDTH="44" HEIGHT="22" CONTENT="and" WC="1.00" CC="000"/>
					</TextLine>
					<TextLine ID="P8_TL00174" HPOS="1230" VPOS="1583" WIDTH="472" HEIGHT="29">
						<String ID="P8_ST00937" HPOS="1230" VPOS="1583" WIDTH="68" HEIGHT="22" CONTENT="that's" WC="0.99" CC="500040"/>
						<SP ID="P8_SP00764" HPOS="1298" VPOS="1605" WIDTH="17"/>
						<String ID="P8_ST00938" HPOS="1315" VPOS="1583" WIDTH="53" HEIGHT="22" CONTENT="hard" WC="0.99" CC="1020"/>
						<SP ID="P8_SP00765" HPOS="1368" VPOS="1605" WIDTH="18"/>
						<String ID="P8_ST00939" HPOS="1386" VPOS="1587" WIDTH="23" HEIGHT="18" CONTENT="to" WC="0.68" CC="06"/>
						<SP ID="P8_SP00766" HPOS="1409" VPOS="1605" WIDTH="16"/>
						<String ID="P8_ST00940" HPOS="1425" VPOS="1587" WIDTH="37" HEIGHT="25" CONTENT="get" WC="1.00" CC="000"/>
						<SP ID="P8_SP00767" HPOS="1462" VPOS="1612" WIDTH="17"/>
						<String ID="P8_ST00941" HPOS="1479" VPOS="1583" WIDTH="32" HEIGHT="22" CONTENT="rid" WC="0.97" CC="006"/>
						<SP ID="P8_SP00768" HPOS="1511" VPOS="1612" WIDTH="17"/>
						<String ID="P8_ST00942" HPOS="1528" VPOS="1583" WIDTH="32" HEIGHT="26" CONTENT="of," WC="0.98" CC="500"/>
						<SP ID="P8_SP00769" HPOS="1560" VPOS="1612" WIDTH="18"/>
						<String ID="P8_ST00943" HPOS="1578" VPOS="1584" WIDTH="37" HEIGHT="21" CONTENT="but" WC="0.98" CC="500"/>
						<SP ID="P8_SP00770" HPOS="1615" VPOS="1612" WIDTH="18"/>
						<String ID="P8_ST00944" HPOS="1633" VPOS="1584" WIDTH="8" HEIGHT="21" CONTENT="I" WC="0.99" CC="0"/>
						<SP ID="P8_SP00771" HPOS="1641" VPOS="1612" WIDTH="18"/>
						<String ID="P8_ST00945" HPOS="1659" VPOS="1584" WIDTH="43" HEIGHT="21" CONTENT="had" WC="0.99" CC="100"/>
					</TextLine>
					<TextLine ID="P8_TL00175" HPOS="1230" VPOS="1621" WIDTH="473" HEIGHT="28">
						<String ID="P8_ST00946" HPOS="1230" VPOS="1621" WIDTH="92" HEIGHT="28" CONTENT="already" WC="1.00" CC="0021100"/>
						<SP ID="P8_SP00772" HPOS="1322" VPOS="1649" WIDTH="22"/>
						<String ID="P8_ST00947" HPOS="1344" VPOS="1621" WIDTH="67" HEIGHT="22" CONTENT="made" WC="1.00" CC="0000"/>
						<SP ID="P8_SP00773" HPOS="1411" VPOS="1649" WIDTH="22"/>
						<String ID="P8_ST00948" HPOS="1433" VPOS="1621" WIDTH="44" HEIGHT="22" CONTENT="that" WC="0.99" CC="0005"/>
						<SP ID="P8_SP00774" HPOS="1477" VPOS="1649" WIDTH="22"/>
						<String ID="P8_ST00949" HPOS="1499" VPOS="1621" WIDTH="158" HEIGHT="22" CONTENT="commitment" WC="1.00" CC="0000050000"/>
						<SP ID="P8_SP00775" HPOS="1657" VPOS="1649" WIDTH="22"/>
						<String ID="P8_ST00950" HPOS="1679" VPOS="1625" WIDTH="24" HEIGHT="18" CONTENT="to" WC="0.82" CC="03"/>
					</TextLine>
					<TextLine ID="P8_TL00176" HPOS="1231" VPOS="1659" WIDTH="471" HEIGHT="28">
						<String ID="P8_ST00951" HPOS="1231" VPOS="1659" WIDTH="149" HEIGHT="28" CONTENT="Wilmington" WC="1.00" CC="0010000060"/>
						<SP ID="P8_SP00776" HPOS="1380" VPOS="1687" WIDTH="18"/>
						<String ID="P8_ST00952" HPOS="1398" VPOS="1677" WIDTH="19" HEIGHT="4" CONTENT="..." WC="1.00" CC="000"/>
						<SP ID="P8_SP00777" HPOS="1417" VPOS="1687" WIDTH="33"/>
						<String ID="P8_ST00953" HPOS="1450" VPOS="1659" WIDTH="7" HEIGHT="22" CONTENT="I" WC="0.88" CC="1"/>
						<SP ID="P8_SP00778" HPOS="1457" VPOS="1687" WIDTH="17"/>
						<String ID="P8_ST00954" HPOS="1474" VPOS="1659" WIDTH="41" HEIGHT="22" CONTENT="felt" WC="0.99" CC="0050"/>
						<SP ID="P8_SP00779" HPOS="1515" VPOS="1687" WIDTH="16"/>
						<String ID="P8_ST00955" HPOS="1531" VPOS="1665" WIDTH="53" HEIGHT="22" CONTENT="very" WC="1.00" CC="0000"/>
						<SP ID="P8_SP00780" HPOS="1584" VPOS="1687" WIDTH="18"/>
						<String ID="P8_ST00956" HPOS="1602" VPOS="1659" WIDTH="59" HEIGHT="28" CONTENT="loyal" WC="1.00" CC="02000"/>
						<SP ID="P8_SP00781" HPOS="1661" VPOS="1687" WIDTH="18"/>
						<String ID="P8_ST00957" HPOS="1679" VPOS="1663" WIDTH="23" HEIGHT="18" CONTENT="to" WC="0.94" CC="01"/>
					</TextLine>
					<TextLine ID="P8_TL00177" HPOS="1230" VPOS="1696" WIDTH="472" HEIGHT="23">
						<String ID="P8_ST00958" HPOS="1230" VPOS="1697" WIDTH="40" HEIGHT="22" CONTENT="her" WC="0.99" CC="300"/>
						<SP ID="P8_SP00782" HPOS="1270" VPOS="1719" WIDTH="11"/>
						<String ID="P8_ST00959" HPOS="1281" VPOS="1703" WIDTH="25" HEIGHT="16" CONTENT="as" WC="1.00" CC="00"/>
						<SP ID="P8_SP00783" HPOS="1306" VPOS="1719" WIDTH="11"/>
						<String ID="P8_ST00960" HPOS="1317" VPOS="1703" WIDTH="13" HEIGHT="16" CONTENT="a" WC="1.00" CC="0"/>
						<SP ID="P8_SP00784" HPOS="1330" VPOS="1719" WIDTH="13"/>
						<String ID="P8_ST00961" HPOS="1343" VPOS="1697" WIDTH="68" HEIGHT="22" CONTENT="result" WC="1.00" CC="000000"/>
						<SP ID="P8_SP00785" HPOS="1411" VPOS="1719" WIDTH="11"/>
						<String ID="P8_ST00962" HPOS="1422" VPOS="1697" WIDTH="27" HEIGHT="22" CONTENT="of" WC="0.78" CC="12"/>
						<SP ID="P8_SP00786" HPOS="1449" VPOS="1719" WIDTH="10"/>
						<String ID="P8_ST00963" HPOS="1459" VPOS="1697" WIDTH="45" HEIGHT="22" CONTENT="that" WC="1.00" CC="0000"/>
						<SP ID="P8_SP00787" HPOS="1504" VPOS="1719" WIDTH="13"/>
						<String ID="P8_ST00964" HPOS="1517" VPOS="1703" WIDTH="26" HEIGHT="16" CONTENT="so" WC="0.93" CC="10"/>
						<SP ID="P8_SP00788" HPOS="1543" VPOS="1719" WIDTH="13"/>
						<String ID="P8_ST00965" HPOS="1556" VPOS="1696" WIDTH="15" HEIGHT="23" CONTENT="it" WC="0.53" CC="45"/>
						<SP ID="P8_SP00789" HPOS="1571" VPOS="1719" WIDTH="12"/>
						<String ID="P8_ST00966" HPOS="1583" VPOS="1697" WIDTH="82" HEIGHT="22" CONTENT="wasn't" WC="1.00" CC="000000"/>
						<SP ID="P8_SP00790" HPOS="1665" VPOS="1719" WIDTH="11"/>
						<String ID="P8_ST00967" HPOS="1676" VPOS="1703" WIDTH="26" HEIGHT="16" CONTENT="as" WC="1.00" CC="00"/>
					</TextLine>
					<TextLine ID="P8_TL00178" HPOS="1229" VPOS="1734" WIDTH="472" HEIGHT="23">
						<String ID="P8_ST00968" HPOS="1229" VPOS="1734" WIDTH="100" HEIGHT="23" CONTENT="difficult" WC="1.00" CC="000221004"/>
						<SP ID="P8_SP00791" HPOS="1329" VPOS="1757" WIDTH="13"/>
						<String ID="P8_ST00969" HPOS="1342" VPOS="1734" WIDTH="27" HEIGHT="23" CONTENT="of" WC="0.51" CC="90"/>
						<SP ID="P8_SP00792" HPOS="1369" VPOS="1757" WIDTH="11"/>
						<String ID="P8_ST00970" HPOS="1380" VPOS="1742" WIDTH="13" HEIGHT="14" CONTENT="a" WC="0.77" CC="2"/>
						<SP ID="P8_SP00793" HPOS="1393" VPOS="1757" WIDTH="12"/>
						<String ID="P8_ST00971" HPOS="1405" VPOS="1734" WIDTH="104" HEIGHT="22" CONTENT="decision" WC="1.00" CC="00300051"/>
						<SP ID="P8_SP00794" HPOS="1509" VPOS="1757" WIDTH="14"/>
						<String ID="P8_ST00972" HPOS="1523" VPOS="1734" WIDTH="97" HEIGHT="22" CONTENT="because" WC="1.00" CC="0000000"/>
						<SP ID="P8_SP00795" HPOS="1620" VPOS="1757" WIDTH="15"/>
						<String ID="P8_ST00973" HPOS="1635" VPOS="1734" WIDTH="8" HEIGHT="22" CONTENT="I" WC="1.00" CC="0"/>
						<SP ID="P8_SP00796" HPOS="1643" VPOS="1757" WIDTH="15"/>
						<String ID="P8_ST00974" HPOS="1658" VPOS="1734" WIDTH="43" HEIGHT="22" CONTENT="had" WC="0.98" CC="400"/>
					</TextLine>
					<TextLine ID="P8_TL00179" HPOS="1229" VPOS="1772" WIDTH="261" HEIGHT="29">
						<String ID="P8_ST00975" HPOS="1229" VPOS="1772" WIDTH="69" HEIGHT="29" CONTENT="given" WC="0.99" CC="80002"/>
						<SP ID="P8_SP00797" HPOS="1298" VPOS="1801" WIDTH="11"/>
						<String ID="P8_ST00976" HPOS="1309" VPOS="1772" WIDTH="39" HEIGHT="22" CONTENT="her" WC="1.00" CC="000"/>
						<SP ID="P8_SP00798" HPOS="1348" VPOS="1801" WIDTH="9"/>
						<String ID="P8_ST00977" HPOS="1357" VPOS="1779" WIDTH="37" HEIGHT="22" CONTENT="my" WC="1.00" CC="00"/>
						<SP ID="P8_SP00799" HPOS="1394" VPOS="1801" WIDTH="11"/>
						<String ID="P8_ST00978" HPOS="1405" VPOS="1772" WIDTH="85" HEIGHT="22" CONTENT='word."' WC="1.00" CC="100000"/>
					</TextLine>
					<TextLine ID="P8_TL00180" HPOS="1273" VPOS="1809" WIDTH="427" HEIGHT="29">
						<String ID="P8_ST00979" HPOS="1273" VPOS="1810" WIDTH="93" HEIGHT="28" CONTENT="Despite" WC="1.00" CC="0300010"/>
						<SP ID="P8_SP00800" HPOS="1366" VPOS="1838" WIDTH="37"/>
						<String ID="P8_ST00980" HPOS="1403" VPOS="1810" WIDTH="40" HEIGHT="22" CONTENT="her" WC="0.98" CC="400"/>
						<SP ID="P8_SP00801" HPOS="1443" VPOS="1838" WIDTH="34"/>
						<String ID="P8_ST00981" HPOS="1477" VPOS="1809" WIDTH="74" HEIGHT="23" CONTENT="desire" WC="0.99" CC="024200"/>
						<SP ID="P8_SP00802" HPOS="1551" VPOS="1838" WIDTH="37"/>
						<String ID="P8_ST00982" HPOS="1588" VPOS="1813" WIDTH="23" HEIGHT="18" CONTENT="to" WC="0.71" CC="05"/>
						<SP ID="P8_SP00803" HPOS="1611" VPOS="1838" WIDTH="37"/>
						<String ID="P8_ST00983" HPOS="1648" VPOS="1809" WIDTH="52" HEIGHT="29" CONTENT="play" WC="1.00" CC="0100"/>
					</TextLine>
					<TextLine ID="P8_TL00181" HPOS="1229" VPOS="1847" WIDTH="470" HEIGHT="29">
						<String ID="P8_ST00984" HPOS="1229" VPOS="1847" WIDTH="134" HEIGHT="26" CONTENT="basketball," WC="1.00" CC="00000040100"/>
						<SP ID="P8_SP00804" HPOS="1363" VPOS="1873" WIDTH="28"/>
						<String ID="P8_ST00985" HPOS="1391" VPOS="1847" WIDTH="111" HEIGHT="29" CONTENT="Kennedy" WC="1.00" CC="0004000"/>
						<SP ID="P8_SP00805" HPOS="1502" VPOS="1876" WIDTH="27"/>
						<String ID="P8_ST00986" HPOS="1529" VPOS="1847" WIDTH="116" HEIGHT="22" CONTENT="remained" WC="1.00" CC="20000100"/>
						<SP ID="P8_SP00806" HPOS="1645" VPOS="1876" WIDTH="27"/>
						<String ID="P8_ST00987" HPOS="1672" VPOS="1854" WIDTH="27" HEIGHT="15" CONTENT="an" WC="1.00" CC="00"/>
					</TextLine>
					<TextLine ID="P8_TL00182" HPOS="1228" VPOS="1885" WIDTH="471" HEIGHT="28">
						<String ID="P8_ST00988" HPOS="1228" VPOS="1885" WIDTH="106" HEIGHT="22" CONTENT="assistant" WC="1.00" CC="000000000"/>
						<SP ID="P8_SP00807" HPOS="1334" VPOS="1907" WIDTH="16"/>
						<String ID="P8_ST00989" HPOS="1350" VPOS="1885" WIDTH="72" HEIGHT="22" CONTENT="coach" WC="1.00" CC="10020"/>
						<SP ID="P8_SP00808" HPOS="1422" VPOS="1907" WIDTH="17"/>
						<String ID="P8_ST00990" HPOS="1439" VPOS="1889" WIDTH="21" HEIGHT="18" CONTENT="at" WC="1.00" CC="00"/>
						<SP ID="P8_SP00809" HPOS="1460" VPOS="1907" WIDTH="17"/>
						<String ID="P8_ST00991" HPOS="1477" VPOS="1885" WIDTH="149" HEIGHT="28" CONTENT="Wilmington" WC="0.99" CC="0048040003"/>
						<SP ID="P8_SP00810" HPOS="1626" VPOS="1913" WIDTH="18"/>
						<String ID="P8_ST00992" HPOS="1644" VPOS="1885" WIDTH="55" HEIGHT="22" CONTENT="until" WC="0.99" CC="50000"/>
					</TextLine>
					<TextLine ID="P8_TL00183" HPOS="1228" VPOS="1923" WIDTH="472" HEIGHT="28">
						<String ID="P8_ST00993" HPOS="1228" VPOS="1923" WIDTH="40" HEIGHT="22" CONTENT="she" WC="1.00" CC="000"/>
						<SP ID="P8_SP00811" HPOS="1268" VPOS="1945" WIDTH="12"/>
						<String ID="P8_ST00994" HPOS="1280" VPOS="1924" WIDTH="131" HEIGHT="27" CONTENT="graduated." WC="1.00" CC="2000000100"/>
						<SP ID="P8_SP00812" HPOS="1411" VPOS="1951" WIDTH="12"/>
						<String ID="P8_ST00995" HPOS="1423" VPOS="1923" WIDTH="50" HEIGHT="22" CONTENT="Still" WC="1.00" CC="00000"/>
						<SP ID="P8_SP00813" HPOS="1473" VPOS="1951" WIDTH="14"/>
						<String ID="P8_ST00996" HPOS="1487" VPOS="1929" WIDTH="81" HEIGHT="16" CONTENT="unsure" WC="1.00" CC="000000"/>
						<SP ID="P8_SP00814" HPOS="1568" VPOS="1951" WIDTH="13"/>
						<String ID="P8_ST00997" HPOS="1581" VPOS="1923" WIDTH="67" HEIGHT="22" CONTENT="about" WC="0.98" CC="60230"/>
						<SP ID="P8_SP00815" HPOS="1648" VPOS="1951" WIDTH="13"/>
						<String ID="P8_ST00998" HPOS="1661" VPOS="1923" WIDTH="39" HEIGHT="22" CONTENT="her" WC="1.00" CC="000"/>
					</TextLine>
					<TextLine ID="P8_TL00184" HPOS="1228" VPOS="1960" WIDTH="470" HEIGHT="30">
						<String ID="P8_ST00999" HPOS="1228" VPOS="1960" WIDTH="82" HEIGHT="25" CONTENT="future," WC="1.00" CC="0020000"/>
						<SP ID="P8_SP00816" HPOS="1310" VPOS="1985" WIDTH="13"/>
						<String ID="P8_ST01000" HPOS="1323" VPOS="1961" WIDTH="40" HEIGHT="22" CONTENT="she" WC="1.00" CC="000"/>
						<SP ID="P8_SP00817" HPOS="1363" VPOS="1985" WIDTH="14"/>
						<String ID="P8_ST01001" HPOS="1377" VPOS="1968" WIDTH="47" HEIGHT="15" CONTENT="was" WC="1.00" CC="000"/>
						<SP ID="P8_SP00818" HPOS="1424" VPOS="1985" WIDTH="13"/>
						<String ID="P8_ST01002" HPOS="1437" VPOS="1961" WIDTH="67" HEIGHT="29" CONTENT="given" WC="0.99" CC="70000"/>
						<SP ID="P8_SP00819" HPOS="1504" VPOS="1990" WIDTH="15"/>
						<String ID="P8_ST01003" HPOS="1519" VPOS="1961" WIDTH="39" HEIGHT="22" CONTENT="her" WC="1.00" CC="000"/>
						<SP ID="P8_SP00820" HPOS="1558" VPOS="1990" WIDTH="13"/>
						<String ID="P8_ST01004" HPOS="1571" VPOS="1961" WIDTH="47" HEIGHT="22" CONTENT="first" WC="0.99" CC="00104"/>
						<SP ID="P8_SP00821" HPOS="1618" VPOS="1990" WIDTH="13"/>
						<String ID="P8_ST01005" HPOS="1631" VPOS="1961" WIDTH="54" HEIGHT="22" CONTENT="head" SUBS_TYPE="HypPart1" SUBS_CONTENT="headcoaching" WC="1.00" CC="0000"/>
						<HYP HPOS="1685" VPOS="1961" WIDTH="13" CONTENT="-"/>
					</TextLine>
					<TextLine ID="P8_TL00185" HPOS="1228" VPOS="1998" WIDTH="471" HEIGHT="29">
						<String ID="P8_ST01006" HPOS="1228" VPOS="1998" WIDTH="112" HEIGHT="29" CONTENT="coaching" SUBS_TYPE="HypPart2" SUBS_CONTENT="headcoaching" WC="1.00" CC="00001040"/>
						<SP ID="P8_SP00822" HPOS="1340" VPOS="2027" WIDTH="17"/>
						<String ID="P8_ST01007" HPOS="1357" VPOS="1999" WIDTH="42" HEIGHT="28" CONTENT="job" WC="0.99" CC="003"/>
						<SP ID="P8_SP00823" HPOS="1399" VPOS="2027" WIDTH="19"/>
						<String ID="P8_ST01008" HPOS="1418" VPOS="2002" WIDTH="20" HEIGHT="19" CONTENT="at" WC="0.94" CC="00"/>
						<SP ID="P8_SP00824" HPOS="1438" VPOS="2027" WIDTH="21"/>
						<String ID="P8_ST01009" HPOS="1459" VPOS="1998" WIDTH="106" HEIGHT="23" CONTENT="National" WC="0.99" CC="00145100"/>
						<SP ID="P8_SP00825" HPOS="1565" VPOS="2027" WIDTH="19"/>
						<String ID="P8_ST01010" HPOS="1584" VPOS="1998" WIDTH="115" HEIGHT="29" CONTENT="Collegiat" WC="0.95" CC="004000000"/>
					</TextLine>
					<TextLine ID="P8_TL00186" HPOS="1228" VPOS="2036" WIDTH="470" HEIGHT="22">
						<String ID="P8_ST01011" HPOS="1228" VPOS="2036" WIDTH="100" HEIGHT="22" CONTENT="Athletic" WC="1.00" CC="00040000"/>
						<SP ID="P8_SP00826" HPOS="1328" VPOS="2058" WIDTH="35"/>
						<String ID="P8_ST01012" HPOS="1363" VPOS="2036" WIDTH="269" HEIGHT="22" CONTENT="AssociaationDivision" WC="0.84" CC="00004008030000008013"/>
						<SP ID="P8_SP00827" HPOS="1632" VPOS="2058" WIDTH="38"/>
						<String ID="P8_ST01013" HPOS="1670" VPOS="2036" WIDTH="28" HEIGHT="22" CONTENT="111" WC="0.98" CC="200"/>
					</TextLine>
					<TextLine ID="P8_TL00187" HPOS="1228" VPOS="2074" WIDTH="412" HEIGHT="28">
						<String ID="P8_ST01014" HPOS="1228" VPOS="2074" WIDTH="92" HEIGHT="22" CONTENT="Hollins" WC="0.90" CC="1005000"/>
						<SP ID="P8_SP00828" HPOS="1320" VPOS="2096" WIDTH="8"/>
						<String ID="P8_ST01015" HPOS="1328" VPOS="2074" WIDTH="98" HEIGHT="28" CONTENT="College" WC="1.00" CC="0000060"/>
						<SP ID="P8_SP00829" HPOS="1426" VPOS="2102" WIDTH="9"/>
						<String ID="P8_ST01016" HPOS="1435" VPOS="2074" WIDTH="62" HEIGHT="22" CONTENT="three" WC="1.00" CC="00010"/>
						<SP ID="P8_SP00830" HPOS="1497" VPOS="2102" WIDTH="10"/>
						<String ID="P8_ST01017" HPOS="1507" VPOS="2081" WIDTH="64" HEIGHT="21" CONTENT="years" WC="0.99" CC="00500"/>
						<SP ID="P8_SP00831" HPOS="1571" VPOS="2102" WIDTH="11"/>
						<String ID="P8_ST01018" HPOS="1582" VPOS="2074" WIDTH="58" HEIGHT="22" CONTENT="later." WC="1.00" CC="000000"/>
					</TextLine>
					<TextLine ID="P8_TL00188" HPOS="1270" VPOS="2111" WIDTH="429" HEIGHT="29">
						<String ID="P8_ST01019" HPOS="1270" VPOS="2112" WIDTH="89" HEIGHT="22" CONTENT='"When' WC="0.99" CC="30300"/>
						<SP ID="P8_SP00832" HPOS="1359" VPOS="2134" WIDTH="24"/>
						<String ID="P8_ST01020" HPOS="1383" VPOS="2111" WIDTH="8" HEIGHT="23" CONTENT="I" WC="0.68" CC="3"/>
						<SP ID="P8_SP00833" HPOS="1391" VPOS="2134" WIDTH="25"/>
						<String ID="P8_ST01021" HPOS="1416" VPOS="2111" WIDTH="122" HEIGHT="29" CONTENT="graduated" WC="1.00" CC="400000000"/>
						<SP ID="P8_SP00834" HPOS="1538" VPOS="2140" WIDTH="23"/>
						<String ID="P8_ST01022" HPOS="1561" VPOS="2111" WIDTH="59" HEIGHT="23" CONTENT="from" WC="0.97" CC="0039"/>
						<SP ID="P8_SP00835" HPOS="1620" VPOS="2140" WIDTH="25"/>
						<String ID="P8_ST01023" HPOS="1645" VPOS="2111" WIDTH="54" HEIGHT="29" CONTENT="grad" WC="1.00" CC="0000"/>
					</TextLine>
					<TextLine ID="P8_TL00189" HPOS="1230" VPOS="2149" WIDTH="473" HEIGHT="28">
						<String ID="P8_ST01024" HPOS="1230" VPOS="2149" WIDTH="88" HEIGHT="24" CONTENT="school," WC="0.99" CC="1500020"/>
						<SP ID="P8_SP00836" HPOS="1318" VPOS="2173" WIDTH="30"/>
						<String ID="P8_ST01025" HPOS="1348" VPOS="2150" WIDTH="7" HEIGHT="21" CONTENT="1" WC="1.00" CC="0"/>
						<SP ID="P8_SP00837" HPOS="1355" VPOS="2173" WIDTH="31"/>
						<String ID="P8_ST01026" HPOS="1386" VPOS="2149" WIDTH="69" HEIGHT="28" CONTENT="really" WC="1.00" CC="000000"/>
						<SP ID="P8_SP00838" HPOS="1455" VPOS="2177" WIDTH="28"/>
						<String ID="P8_ST01027" HPOS="1483" VPOS="2149" WIDTH="74" HEIGHT="22" CONTENT="didn't" WC="0.99" CC="050330"/>
						<SP ID="P8_SP00839" HPOS="1557" VPOS="2177" WIDTH="29"/>
						<String ID="P8_ST01028" HPOS="1586" VPOS="2149" WIDTH="67" HEIGHT="22" CONTENT="know" WC="1.00" CC="0000"/>
						<SP ID="P8_SP00840" HPOS="1653" VPOS="2177" WIDTH="30"/>
						<String ID="P8_ST01029" HPOS="1683" VPOS="2149" WIDTH="20" HEIGHT="22" CONTENT="if" WC="0.54" CC="35"/>
					</TextLine>
					<TextLine ID="P8_TL00190" HPOS="1228" VPOS="2186" WIDTH="471" HEIGHT="29">
						<String ID="P8_ST01030" HPOS="1228" VPOS="2186" WIDTH="126" HEIGHT="22" CONTENT="basketball" WC="1.00" CC="0000000025"/>
						<SP ID="P8_SP00841" HPOS="1354" VPOS="2208" WIDTH="11"/>
						<String ID="P8_ST01031" HPOS="1365" VPOS="2193" WIDTH="46" HEIGHT="15" CONTENT="was" WC="0.97" CC="800"/>
						<SP ID="P8_SP00842" HPOS="1411" VPOS="2208" WIDTH="10"/>
						<String ID="P8_ST01032" HPOS="1421" VPOS="2186" WIDTH="129" HEIGHT="29" CONTENT="something" WC="1.00" CC="000000000"/>
						<SP ID="P8_SP00843" HPOS="1550" VPOS="2215" WIDTH="10"/>
						<String ID="P8_ST01033" HPOS="1560" VPOS="2186" WIDTH="7" HEIGHT="22" CONTENT="I" WC="0.27" CC="7"/>
						<SP ID="P8_SP00844" HPOS="1567" VPOS="2215" WIDTH="11"/>
						<String ID="P8_ST01034" HPOS="1578" VPOS="2186" WIDTH="88" HEIGHT="22" CONTENT="wanted" WC="1.00" CC="000000"/>
						<SP ID="P8_SP00845" HPOS="1666" VPOS="2215" WIDTH="10"/>
						<String ID="P8_ST01035" HPOS="1676" VPOS="2189" WIDTH="23" HEIGHT="19" CONTENT="to" WC="1.00" CC="00"/>
					</TextLine>
					<TextLine ID="P8_TL00191" HPOS="1227" VPOS="2223" WIDTH="471" HEIGHT="29">
						<String ID="P8_ST01036" HPOS="1227" VPOS="2224" WIDTH="30" HEIGHT="22" CONTENT="do" WC="0.94" CC="01"/>
						<SP ID="P8_SP00846" HPOS="1257" VPOS="2246" WIDTH="11"/>
						<String ID="P8_ST01037" HPOS="1268" VPOS="2230" WIDTH="27" HEIGHT="16" CONTENT="or" WC="0.78" CC="40"/>
						<SP ID="P8_SP00847" HPOS="1295" VPOS="2246" WIDTH="11"/>
						<String ID="P8_ST01038" HPOS="1306" VPOS="2224" WIDTH="60" HEIGHT="25" CONTENT='not,"' WC="0.99" CC="13500"/>
						<SP ID="P8_SP00848" HPOS="1366" VPOS="2249" WIDTH="11"/>
						<String ID="P8_ST01039" HPOS="1377" VPOS="2224" WIDTH="40" HEIGHT="22" CONTENT="she" WC="0.99" CC="030"/>
						<SP ID="P8_SP00849" HPOS="1417" VPOS="2249" WIDTH="12"/>
						<String ID="P8_ST01040" HPOS="1429" VPOS="2223" WIDTH="56" HEIGHT="23" CONTENT="said." WC="1.00" CC="00000"/>
						<SP ID="P8_SP00850" HPOS="1485" VPOS="2249" WIDTH="12"/>
						<String ID="P8_ST01041" HPOS="1497" VPOS="2223" WIDTH="23" HEIGHT="22" CONTENT='"I' WC="0.69" CC="06"/>
						<SP ID="P8_SP00851" HPOS="1520" VPOS="2249" WIDTH="12"/>
						<String ID="P8_ST01042" HPOS="1532" VPOS="2227" WIDTH="39" HEIGHT="25" CONTENT="got" WC="0.98" CC="050"/>
						<SP ID="P8_SP00852" HPOS="1571" VPOS="2252" WIDTH="11"/>
						<String ID="P8_ST01043" HPOS="1582" VPOS="2224" WIDTH="36" HEIGHT="22" CONTENT="the" WC="0.98" CC="050"/>
						<SP ID="P8_SP00853" HPOS="1618" VPOS="2252" WIDTH="12"/>
						<String ID="P8_ST01044" HPOS="1630" VPOS="2223" WIDTH="55" HEIGHT="23" CONTENT="head" SUBS_TYPE="HypPart1" SUBS_CONTENT="headcoaching" WC="1.00" CC="0000"/>
						<HYP HPOS="1685" VPOS="2223" WIDTH="13" CONTENT="-"/>
					</TextLine>
					<TextLine ID="P8_TL00192" HPOS="1227" VPOS="2261" WIDTH="471" HEIGHT="29">
						<String ID="P8_ST01045" HPOS="1227" VPOS="2261" WIDTH="112" HEIGHT="29" CONTENT="coaching" SUBS_TYPE="HypPart2" SUBS_CONTENT="headcoaching" WC="1.00" CC="10010000"/>
						<SP ID="P8_SP00854" HPOS="1339" VPOS="2290" WIDTH="10"/>
						<String ID="P8_ST01046" HPOS="1349" VPOS="2261" WIDTH="42" HEIGHT="29" CONTENT="job" WC="0.95" CC="490"/>
						<SP ID="P8_SP00855" HPOS="1391" VPOS="2290" WIDTH="12"/>
						<String ID="P8_ST01047" HPOS="1403" VPOS="2266" WIDTH="20" HEIGHT="17" CONTENT="at" WC="0.86" CC="20"/>
						<SP ID="P8_SP00856" HPOS="1423" VPOS="2290" WIDTH="13"/>
						<String ID="P8_ST01048" HPOS="1436" VPOS="2268" WIDTH="27" HEIGHT="15" CONTENT="an" WC="0.81" CC="03"/>
						<SP ID="P8_SP00857" HPOS="1463" VPOS="2290" WIDTH="13"/>
						<String ID="P8_ST01049" HPOS="1476" VPOS="2261" WIDTH="28" HEIGHT="22" CONTENT="all" WC="1.00" CC="000"/>
						<SP ID="P8_SP00858" HPOS="1504" VPOS="2290" WIDTH="14"/>
						<String ID="P8_ST01050" HPOS="1518" VPOS="2261" WIDTH="54" HEIGHT="29" CONTENT="girls" WC="0.99" CC="02005"/>
						<SP ID="P8_SP00859" HPOS="1572" VPOS="2290" WIDTH="12"/>
						<String ID="P8_ST01051" HPOS="1584" VPOS="2261" WIDTH="80" HEIGHT="23" CONTENT="school" WC="0.98" CC="520550"/>
						<SP ID="P8_SP00860" HPOS="1664" VPOS="2290" WIDTH="13"/>
						<String ID="P8_ST01052" HPOS="1677" VPOS="2266" WIDTH="21" HEIGHT="17" CONTENT="at" WC="1.00" CC="00"/>
					</TextLine>
					<TextLine ID="P8_TL00193" HPOS="1228" VPOS="2299" WIDTH="470" HEIGHT="29">
						<String ID="P8_ST01053" HPOS="1228" VPOS="2299" WIDTH="97" HEIGHT="22" CONTENT="Hollins." WC="0.83" CC="00200270"/>
						<SP ID="P8_SP00861" HPOS="1325" VPOS="2321" WIDTH="10"/>
						<String ID="P8_ST01054" HPOS="1335" VPOS="2299" WIDTH="18" HEIGHT="22" CONTENT="It" WC="0.49" CC="72"/>
						<SP ID="P8_SP00862" HPOS="1353" VPOS="2321" WIDTH="8"/>
						<String ID="P8_ST01055" HPOS="1361" VPOS="2306" WIDTH="48" HEIGHT="15" CONTENT="was" WC="1.00" CC="000"/>
						<SP ID="P8_SP00863" HPOS="1409" VPOS="2321" WIDTH="8"/>
						<String ID="P8_ST01056" HPOS="1417" VPOS="2306" WIDTH="13" HEIGHT="15" CONTENT="a" WC="1.00" CC="0"/>
						<SP ID="P8_SP00864" HPOS="1430" VPOS="2321" WIDTH="8"/>
						<String ID="P8_ST01057" HPOS="1438" VPOS="2299" WIDTH="71" HEIGHT="29" CONTENT="tough" WC="0.99" CC="23000"/>
						<SP ID="P8_SP00865" HPOS="1509" VPOS="2328" WIDTH="6"/>
						<String ID="P8_ST01058" HPOS="1515" VPOS="2299" WIDTH="41" HEIGHT="29" CONTENT="job" WC="1.00" CC="000"/>
						<SP ID="P8_SP00866" HPOS="1556" VPOS="2328" WIDTH="9"/>
						<String ID="P8_ST01059" HPOS="1565" VPOS="2299" WIDTH="39" HEIGHT="22" CONTENT="but" WC="0.99" CC="003"/>
						<SP ID="P8_SP00867" HPOS="1604" VPOS="2328" WIDTH="9"/>
						<String ID="P8_ST01060" HPOS="1613" VPOS="2299" WIDTH="7" HEIGHT="22" CONTENT="I" WC="0.39" CC="6"/>
						<SP ID="P8_SP00868" HPOS="1620" VPOS="2328" WIDTH="11"/>
						<String ID="P8_ST01061" HPOS="1631" VPOS="2299" WIDTH="67" HEIGHT="22" CONTENT="loved" WC="1.00" CC="30000"/>
					</TextLine>
					<TextLine ID="P8_TL00194" HPOS="1228" VPOS="2337" WIDTH="329" HEIGHT="29">
						<String ID="P8_ST01062" HPOS="1228" VPOS="2338" WIDTH="15" HEIGHT="22" CONTENT="it" WC="0.52" CC="35"/>
						<SP ID="P8_SP00869" HPOS="1243" VPOS="2360" WIDTH="9"/>
						<String ID="P8_ST01063" HPOS="1252" VPOS="2338" WIDTH="44" HEIGHT="22" CONTENT="and" WC="1.00" CC="000"/>
						<SP ID="P8_SP00870" HPOS="1296" VPOS="2360" WIDTH="8"/>
						<String ID="P8_ST01064" HPOS="1304" VPOS="2338" WIDTH="46" HEIGHT="28" CONTENT="just" WC="1.00" CC="0001"/>
						<SP ID="P8_SP00871" HPOS="1350" VPOS="2366" WIDTH="10"/>
						<String ID="P8_ST01065" HPOS="1360" VPOS="2338" WIDTH="53" HEIGHT="28" CONTENT="kept" WC="0.99" CC="0003"/>
						<SP ID="P8_SP00872" HPOS="1413" VPOS="2366" WIDTH="9"/>
						<String ID="P8_ST01066" HPOS="1422" VPOS="2337" WIDTH="135" HEIGHT="29" CONTENT='coaching."' WC="1.00" CC="0300001000"/>
					</TextLine>
					<TextLine ID="P8_TL00195" HPOS="1270" VPOS="2375" WIDTH="428" HEIGHT="29">
						<String ID="P8_ST01067" HPOS="1270" VPOS="2375" WIDTH="65" HEIGHT="23" CONTENT="After" WC="1.00" CC="00004"/>
						<SP ID="P8_SP00873" HPOS="1335" VPOS="2398" WIDTH="12"/>
						<String ID="P8_ST01068" HPOS="1347" VPOS="2382" WIDTH="13" HEIGHT="16" CONTENT="a" WC="0.90" CC="0"/>
						<SP ID="P8_SP00874" HPOS="1360" VPOS="2398" WIDTH="13"/>
						<String ID="P8_ST01069" HPOS="1373" VPOS="2379" WIDTH="113" HEIGHT="25" CONTENT="two-year" WC="0.99" CC="00400017"/>
						<SP ID="P8_SP00875" HPOS="1486" VPOS="2404" WIDTH="13"/>
						<String ID="P8_ST01070" HPOS="1499" VPOS="2375" WIDTH="52" HEIGHT="22" CONTENT="stint" WC="1.00" CC="20000"/>
						<SP ID="P8_SP00876" HPOS="1551" VPOS="2404" WIDTH="14"/>
						<String ID="P8_ST01071" HPOS="1565" VPOS="2379" WIDTH="21" HEIGHT="18" CONTENT="at" WC="1.00" CC="00"/>
						<SP ID="P8_SP00877" HPOS="1586" VPOS="2404" WIDTH="13"/>
						<String ID="P8_ST01072" HPOS="1599" VPOS="2375" WIDTH="99" HEIGHT="25" CONTENT="Hollins," WC="0.74" CC="08050060"/>
					</TextLine>
					<TextLine ID="P8_TL00196" HPOS="1228" VPOS="2413" WIDTH="470" HEIGHT="29">
						<String ID="P8_ST01073" HPOS="1228" VPOS="2413" WIDTH="111" HEIGHT="29" CONTENT="Kennedy" WC="1.00" CC="0000000"/>
						<SP ID="P8_SP00878" HPOS="1339" VPOS="2442" WIDTH="38"/>
						<String ID="P8_ST01074" HPOS="1377" VPOS="2413" WIDTH="137" HEIGHT="22" CONTENT="transferred" WC="1.00" CC="00055000000"/>
						<SP ID="P8_SP00879" HPOS="1514" VPOS="2442" WIDTH="38"/>
						<String ID="P8_ST01075" HPOS="1552" VPOS="2416" WIDTH="24" HEIGHT="19" CONTENT="to" WC="0.80" CC="30"/>
						<SP ID="P8_SP00880" HPOS="1576" VPOS="2442" WIDTH="37"/>
						<String ID="P8_ST01076" HPOS="1613" VPOS="2413" WIDTH="85" HEIGHT="22" CONTENT="Tulane" WC="1.00" CC="000000"/>
					</TextLine>
					<TextLine ID="P8_TL00197" HPOS="1228" VPOS="2450" WIDTH="470" HEIGHT="30">
						<String ID="P8_ST01077" HPOS="1228" VPOS="2451" WIDTH="131" HEIGHT="29" CONTENT="University" WC="1.00" CC="0000040020"/>
						<SP ID="P8_SP00881" HPOS="1359" VPOS="2480" WIDTH="10"/>
						<String ID="P8_ST01078" HPOS="1369" VPOS="2451" WIDTH="22" HEIGHT="22" CONTENT="in" WC="0.93" CC="01"/>
						<SP ID="P8_SP00882" HPOS="1391" VPOS="2480" WIDTH="10"/>
						<String ID="P8_ST01079" HPOS="1401" VPOS="2451" WIDTH="57" HEIGHT="22" CONTENT="New" WC="1.00" CC="000"/>
						<SP ID="P8_SP00883" HPOS="1458" VPOS="2480" WIDTH="9"/>
						<String ID="P8_ST01080" HPOS="1467" VPOS="2450" WIDTH="97" HEIGHT="23" CONTENT="Orleans" WC="1.00" CC="0000010"/>
						<SP ID="P8_SP00884" HPOS="1564" VPOS="2480" WIDTH="9"/>
						<String ID="P8_ST01081" HPOS="1573" VPOS="2451" WIDTH="75" HEIGHT="22" CONTENT="where" WC="1.00" CC="03000"/>
						<SP ID="P8_SP00885" HPOS="1648" VPOS="2480" WIDTH="10"/>
						<String ID="P8_ST01082" HPOS="1658" VPOS="2450" WIDTH="40" HEIGHT="23" CONTENT="she" WC="0.97" CC="800"/>
					</TextLine>
					<TextLine ID="P8_TL00198" HPOS="1227" VPOS="2488" WIDTH="471" HEIGHT="30">
						<String ID="P8_ST01083" HPOS="1227" VPOS="2489" WIDTH="102" HEIGHT="22" CONTENT="coached" WC="1.00" CC="0300200"/>
						<SP ID="P8_SP00886" HPOS="1329" VPOS="2511" WIDTH="16"/>
						<String ID="P8_ST01084" HPOS="1345" VPOS="2489" WIDTH="64" HEIGHT="29" CONTENT="point" WC="0.98" CC="06305"/>
						<SP ID="P8_SP00887" HPOS="1409" VPOS="2518" WIDTH="16"/>
						<String ID="P8_ST01085" HPOS="1425" VPOS="2489" WIDTH="43" HEIGHT="22" CONTENT="and" WC="0.99" CC="010"/>
						<SP ID="P8_SP00888" HPOS="1468" VPOS="2518" WIDTH="17"/>
						<String ID="P8_ST01086" HPOS="1485" VPOS="2488" WIDTH="107" HEIGHT="29" CONTENT="shooting" WC="1.00" CC="00050005"/>
						<SP ID="P8_SP00889" HPOS="1592" VPOS="2518" WIDTH="16"/>
						<String ID="P8_ST01087" HPOS="1608" VPOS="2488" WIDTH="90" HEIGHT="29" CONTENT="guards," WC="1.00" CC="4000002"/>
					</TextLine>
					<TextLine ID="P8_TL00199" HPOS="1228" VPOS="2526" WIDTH="470" HEIGHT="29">
						<String ID="P8_ST01088" HPOS="1228" VPOS="2526" WIDTH="80" HEIGHT="22" CONTENT="served" WC="1.00" CC="000000"/>
						<SP ID="P8_SP00890" HPOS="1308" VPOS="2548" WIDTH="31"/>
						<String ID="P8_ST01089" HPOS="1339" VPOS="2533" WIDTH="25" HEIGHT="15" CONTENT="as" WC="0.57" CC="08"/>
						<SP ID="P8_SP00891" HPOS="1364" VPOS="2548" WIDTH="31"/>
						<String ID="P8_ST01090" HPOS="1395" VPOS="2526" WIDTH="121" HEIGHT="29" CONTENT="recruiting" WC="1.00" CC="0000006102"/>
						<SP ID="P8_SP00892" HPOS="1516" VPOS="2555" WIDTH="31"/>
						<String ID="P8_ST01091" HPOS="1547" VPOS="2526" WIDTH="151" HEIGHT="25" CONTENT="coordinator," WC="1.00" CC="045000005020"/>
					</TextLine>
					<TextLine ID="P8_TL00200" HPOS="1228" VPOS="2564" WIDTH="470" HEIGHT="29">
						<String ID="P8_ST01092" HPOS="1228" VPOS="2571" WIDTH="103" HEIGHT="15" CONTENT="oversaw" WC="1.00" CC="0000100"/>
						<SP ID="P8_SP00893" HPOS="1331" VPOS="2586" WIDTH="31"/>
						<String ID="P8_ST01093" HPOS="1362" VPOS="2564" WIDTH="136" HEIGHT="29" CONTENT="scheduling" WC="0.99" CC="8550035000"/>
						<SP ID="P8_SP00894" HPOS="1498" VPOS="2593" WIDTH="30"/>
						<String ID="P8_ST01094" HPOS="1528" VPOS="2564" WIDTH="44" HEIGHT="22" CONTENT="and" WC="1.00" CC="000"/>
						<SP ID="P8_SP00895" HPOS="1572" VPOS="2593" WIDTH="32"/>
						<String ID="P8_ST01095" HPOS="1604" VPOS="2564" WIDTH="94" HEIGHT="22" CONTENT="scouted" WC="0.99" CC="3120600"/>
					</TextLine>
					<TextLine ID="P8_TL00201" HPOS="1228" VPOS="2606" WIDTH="134" HEIGHT="25">
						<String ID="P8_ST01096" HPOS="1228" VPOS="2606" WIDTH="134" HEIGHT="25" CONTENT="opponents." WC="1.00" CC="1003304000"/>
					</TextLine>
					<TextLine ID="P8_TL00202" HPOS="1271" VPOS="2640" WIDTH="427" HEIGHT="29">
						<String ID="P8_ST01097" HPOS="1271" VPOS="2640" WIDTH="87" HEIGHT="29" CONTENT="During" WC="0.99" CC="000206"/>
						<SP ID="P8_SP00896" HPOS="1358" VPOS="2669" WIDTH="28"/>
						<String ID="P8_ST01098" HPOS="1386" VPOS="2641" WIDTH="40" HEIGHT="21" CONTENT="her" WC="1.00" CC="100"/>
						<SP ID="P8_SP00897" HPOS="1426" VPOS="2669" WIDTH="26"/>
						<String ID="P8_ST01099" HPOS="1452" VPOS="2644" WIDTH="77" HEIGHT="19" CONTENT="tenure" WC="0.99" CC="210040"/>
						<SP ID="P8_SP00898" HPOS="1529" VPOS="2669" WIDTH="28"/>
						<String ID="P8_ST01100" HPOS="1557" VPOS="2644" WIDTH="21" HEIGHT="18" CONTENT="at" WC="1.00" CC="00"/>
						<SP ID="P8_SP00899" HPOS="1578" VPOS="2669" WIDTH="26"/>
						<String ID="P8_ST01101" HPOS="1604" VPOS="2640" WIDTH="94" HEIGHT="24" CONTENT="Tulane," WC="1.00" CC="0000000"/>
					</TextLine>
				</TextBlock>
				<TextBlock ID="P8_TB00015" HPOS="1744" VPOS="2612" WIDTH="977" HEIGHT="110" STYLEREFS="TXT_0 PAR_LEFT">
					<TextLine ID="P8_TL00203" HPOS="2451" VPOS="2612" WIDTH="270" HEIGHT="22">
						<String ID="P8_ST01102" HPOS="2451" VPOS="2615" WIDTH="46" HEIGHT="17" CONTENT="FILE" WC="0.97" CC="6312"/>
						<SP ID="P8_SP00900" HPOS="2497" VPOS="2632" WIDTH="9"/>
						<String ID="P8_ST01103" HPOS="2506" VPOS="2612" WIDTH="127" HEIGHT="22" CONTENT="PHOTO/The" WC="0.78" CC="000006164"/>
						<SP ID="P8_SP00901" HPOS="2633" VPOS="2634" WIDTH="9"/>
						<String ID="P8_ST01104" HPOS="2642" VPOS="2615" WIDTH="79" HEIGHT="18" CONTENT="Maroon" WC="0.97" CC="953354"/>
					</TextLine>
					<TextLine ID="P8_TL00204" HPOS="1744" VPOS="2648" WIDTH="790" HEIGHT="33">
						<String ID="P8_ST01105" HPOS="1744" VPOS="2648" WIDTH="89" HEIGHT="27" CONTENT="Kellie" WC="1.00" CC="000000"/>
						<SP ID="P8_SP00902" HPOS="1833" VPOS="2675" WIDTH="15"/>
						<String ID="P8_ST01106" HPOS="1848" VPOS="2649" WIDTH="147" HEIGHT="32" CONTENT="Kennedy," WC="0.99" CC="00660340"/>
						<SP ID="P8_SP00903" HPOS="1995" VPOS="2681" WIDTH="15"/>
						<String ID="P8_ST01107" HPOS="2010" VPOS="2649" WIDTH="63" HEIGHT="26" CONTENT="who" WC="1.00" CC="000"/>
						<SP ID="P8_SP00904" HPOS="2073" VPOS="2681" WIDTH="12"/>
						<String ID="P8_ST01108" HPOS="2085" VPOS="2648" WIDTH="100" HEIGHT="33" CONTENT="joined" WC="1.00" CC="000130"/>
						<SP ID="P8_SP00905" HPOS="2185" VPOS="2681" WIDTH="14"/>
						<String ID="P8_ST01109" HPOS="2199" VPOS="2649" WIDTH="52" HEIGHT="26" CONTENT="the" WC="0.99" CC="300"/>
						<SP ID="P8_SP00906" HPOS="2251" VPOS="2681" WIDTH="15"/>
						<String ID="P8_ST01110" HPOS="2266" VPOS="2649" WIDTH="106" HEIGHT="32" CONTENT="Loyola" WC="0.98" CC="643004"/>
						<SP ID="P8_SP00907" HPOS="2372" VPOS="2681" WIDTH="15"/>
						<String ID="P8_ST01111" HPOS="2387" VPOS="2648" WIDTH="147" HEIGHT="27" CONTENT="Athletics" WC="1.00" CC="000004000"/>
					</TextLine>
					<TextLine ID="P8_TL00205" HPOS="1744" VPOS="2691" WIDTH="963" HEIGHT="31">
						<String ID="P8_ST01112" HPOS="1744" VPOS="2691" WIDTH="197" HEIGHT="31" CONTENT="Department" WC="1.00" CC="0010400000"/>
						<SP ID="P8_SP00908" HPOS="1941" VPOS="2722" WIDTH="15"/>
						<String ID="P8_ST01113" HPOS="1956" VPOS="2691" WIDTH="26" HEIGHT="25" CONTENT="in" WC="0.74" CC="05"/>
						<SP ID="P8_SP00909" HPOS="1982" VPOS="2722" WIDTH="14"/>
						<String ID="P8_ST01114" HPOS="1996" VPOS="2691" WIDTH="99" HEIGHT="29" CONTENT="2008," WC="0.92" CC="00003"/>
						<SP ID="P8_SP00910" HPOS="2095" VPOS="2722" WIDTH="14"/>
						<String ID="P8_ST01115" HPOS="2109" VPOS="2691" WIDTH="132" HEIGHT="26" CONTENT="coaches" WC="1.00" CC="0000020"/>
						<SP ID="P8_SP00911" HPOS="2241" VPOS="2722" WIDTH="15"/>
						<String ID="P8_ST01116" HPOS="2256" VPOS="2692" WIDTH="52" HEIGHT="25" CONTENT="her" WC="1.00" CC="000"/>
						<SP ID="P8_SP00912" HPOS="2308" VPOS="2722" WIDTH="13"/>
						<String ID="P8_ST01117" HPOS="2321" VPOS="2692" WIDTH="82" HEIGHT="25" CONTENT="team" WC="0.99" CC="0020"/>
						<SP ID="P8_SP00913" HPOS="2403" VPOS="2722" WIDTH="14"/>
						<String ID="P8_ST01118" HPOS="2417" VPOS="2691" WIDTH="31" HEIGHT="26" CONTENT="at" WC="0.76" CC="40"/>
						<SP ID="P8_SP00914" HPOS="2448" VPOS="2722" WIDTH="14"/>
						<String ID="P8_ST01119" HPOS="2462" VPOS="2697" WIDTH="16" HEIGHT="20" CONTENT="a" WC="1.00" CC="0"/>
						<SP ID="P8_SP00915" HPOS="2478" VPOS="2722" WIDTH="15"/>
						<String ID="P8_ST01120" HPOS="2493" VPOS="2691" WIDTH="104" HEIGHT="26" CONTENT="recent" WC="0.99" CC="000060"/>
						<SP ID="P8_SP00916" HPOS="2597" VPOS="2722" WIDTH="14"/>
						<String ID="P8_ST01121" HPOS="2611" VPOS="2697" WIDTH="96" HEIGHT="25" CONTENT="game." WC="0.99" CC="60000"/>
					</TextLine>
				</TextBlock>
				<TextBlock ID="P8_TB00016" HPOS="1252" VPOS="2836" WIDTH="953" HEIGHT="93" STYLEREFS="TXT_0 PAR_RIGHT">
					<TextLine ID="P8_TL00206" HPOS="1253" VPOS="2836" WIDTH="952" HEIGHT="93">
						<String ID="P8_ST01122" HPOS="1253" VPOS="2836" WIDTH="952" HEIGHT="93" CONTENT="SPORTSBRIEFS" WC="0.96" CC="240401000000"/>
					</TextLine>
				</TextBlock>
				<TextBlock ID="P8_TB00017" HPOS="715" VPOS="2977" WIDTH="472" HEIGHT="444" STYLEREFS="TXT_0 PAR_BLOCK">
					<TextLine ID="P8_TL00207" HPOS="759" VPOS="2977" WIDTH="397" HEIGHT="23">
						<String ID="P8_ST01123" HPOS="759" VPOS="2978" WIDTH="94" HEIGHT="22" CONTENT="Career" WC="0.97" CC="905570"/>
						<SP ID="P8_SP00917" HPOS="853" VPOS="3000" WIDTH="9"/>
						<String ID="P8_ST01124" HPOS="862" VPOS="2977" WIDTH="69" HEIGHT="23" CONTENT="Point" WC="0.97" CC="55006"/>
						<SP ID="P8_SP00918" HPOS="931" VPOS="3000" WIDTH="10"/>
						<String ID="P8_ST01125" HPOS="941" VPOS="2977" WIDTH="76" HEIGHT="23" CONTENT="Can't" WC="1.00" CC="00000"/>
						<SP ID="P8_SP00919" HPOS="1017" VPOS="3000" WIDTH="9"/>
						<String ID="P8_ST01126" HPOS="1026" VPOS="2977" WIDTH="65" HEIGHT="23" CONTENT="Gain" WC="0.99" CC="0030"/>
						<SP ID="P8_SP00920" HPOS="1091" VPOS="3000" WIDTH="10"/>
						<String ID="P8_ST01127" HPOS="1101" VPOS="2977" WIDTH="55" HEIGHT="22" CONTENT="Win" WC="0.97" CC="600"/>
					</TextLine>
					<TextLine ID="P8_TL00208" HPOS="760" VPOS="3014" WIDTH="427" HEIGHT="30">
						<String ID="P8_ST01128" HPOS="760" VPOS="3015" WIDTH="109" HEIGHT="29" CONTENT="Loyola's" WC="0.99" CC="07045030"/>
						<SP ID="P8_SP00921" HPOS="869" VPOS="3044" WIDTH="8"/>
						<String ID="P8_ST01129" HPOS="877" VPOS="3016" WIDTH="117" HEIGHT="22" CONTENT="Women's" WC="0.99" CC="0482130"/>
						<SP ID="P8_SP00922" HPOS="994" VPOS="3044" WIDTH="10"/>
						<String ID="P8_ST01130" HPOS="1004" VPOS="3015" WIDTH="130" HEIGHT="22" CONTENT="Basketball" WC="1.00" CC="0800105000"/>
						<SP ID="P8_SP00923" HPOS="1134" VPOS="3044" WIDTH="11"/>
						<String ID="P8_ST01131" HPOS="1145" VPOS="3014" WIDTH="42" HEIGHT="23" CONTENT="lost" WC="1.00" CC="0000"/>
					</TextLine>
					<TextLine ID="P8_TL00209" HPOS="716" VPOS="3053" WIDTH="471" HEIGHT="28">
						<String ID="P8_ST01132" HPOS="716" VPOS="3058" WIDTH="24" HEIGHT="18" CONTENT="to" WC="1.00" CC="00"/>
						<SP ID="P8_SP00924" HPOS="740" VPOS="3076" WIDTH="25"/>
						<String ID="P8_ST01133" HPOS="765" VPOS="3053" WIDTH="49" HEIGHT="22" CONTENT="14th" WC="0.79" CC="4003"/>
						<SP ID="P8_SP00925" HPOS="814" VPOS="3076" WIDTH="22"/>
						<String ID="P8_ST01134" HPOS="836" VPOS="3053" WIDTH="83" HEIGHT="22" CONTENT="ranked" WC="1.00" CC="004000"/>
						<SP ID="P8_SP00926" HPOS="919" VPOS="3076" WIDTH="21"/>
						<String ID="P8_ST01135" HPOS="940" VPOS="3053" WIDTH="123" HEIGHT="22" CONTENT="Columbia" WC="1.00" CC="00000000"/>
						<SP ID="P8_SP00927" HPOS="1063" VPOS="3076" WIDTH="21"/>
						<String ID="P8_ST01136" HPOS="1084" VPOS="3053" WIDTH="103" HEIGHT="28" CONTENT="Cougars" WC="1.00" CC="0000000"/>
					</TextLine>
					<TextLine ID="P8_TL00210" HPOS="717" VPOS="3090" WIDTH="470" HEIGHT="30">
						<String ID="P8_ST01137" HPOS="717" VPOS="3091" WIDTH="92" HEIGHT="29" CONTENT="making" WC="1.00" CC="000000"/>
						<SP ID="P8_SP00928" HPOS="809" VPOS="3120" WIDTH="22"/>
						<String ID="P8_ST01138" HPOS="831" VPOS="3091" WIDTH="56" HEIGHT="22" CONTENT="their" WC="0.99" CC="10104"/>
						<SP ID="P8_SP00929" HPOS="887" VPOS="3120" WIDTH="20"/>
						<String ID="P8_ST01139" HPOS="907" VPOS="3091" WIDTH="78" HEIGHT="22" CONTENT="record" WC="1.00" CC="010000"/>
						<SP ID="P8_SP00930" HPOS="985" VPOS="3120" WIDTH="21"/>
						<String ID="P8_ST01140" HPOS="1006" VPOS="3090" WIDTH="47" HEIGHT="23" CONTENT="3-2." WC="0.94" CC="2000"/>
						<SP ID="P8_SP00931" HPOS="1053" VPOS="3120" WIDTH="21"/>
						<String ID="P8_ST01141" HPOS="1074" VPOS="3090" WIDTH="47" HEIGHT="23" CONTENT="The" WC="1.00" CC="000"/>
						<SP ID="P8_SP00932" HPOS="1121" VPOS="3120" WIDTH="20"/>
						<String ID="P8_ST01142" HPOS="1141" VPOS="3094" WIDTH="46" HEIGHT="18" CONTENT="two" WC="1.00" CC="000"/>
					</TextLine>
					<TextLine ID="P8_TL00211" HPOS="716" VPOS="3128" WIDTH="471" HEIGHT="23">
						<String ID="P8_ST01143" HPOS="716" VPOS="3133" WIDTH="72" HEIGHT="18" CONTENT="teams" WC="1.00" CC="00000"/>
						<SP ID="P8_SP00933" HPOS="788" VPOS="3151" WIDTH="13"/>
						<String ID="P8_ST01144" HPOS="801" VPOS="3129" WIDTH="77" HEIGHT="22" CONTENT="traded" WC="1.00" CC="000000"/>
						<SP ID="P8_SP00934" HPOS="878" VPOS="3151" WIDTH="13"/>
						<String ID="P8_ST01145" HPOS="891" VPOS="3129" WIDTH="91" HEIGHT="22" CONTENT="baskets" WC="0.99" CC="0060509"/>
						<SP ID="P8_SP00935" HPOS="982" VPOS="3151" WIDTH="13"/>
						<String ID="P8_ST01146" HPOS="995" VPOS="3129" WIDTH="43" HEIGHT="21" CONTENT="and" WC="1.00" CC="000"/>
						<SP ID="P8_SP00936" HPOS="1038" VPOS="3151" WIDTH="14"/>
						<String ID="P8_ST01147" HPOS="1052" VPOS="3128" WIDTH="36" HEIGHT="22" CONTENT="the" WC="0.97" CC="440"/>
						<SP ID="P8_SP00937" HPOS="1088" VPOS="3151" WIDTH="13"/>
						<String ID="P8_ST01148" HPOS="1101" VPOS="3128" WIDTH="50" HEIGHT="22" CONTENT="lead" WC="1.00" CC="2000"/>
						<SP ID="P8_SP00938" HPOS="1151" VPOS="3151" WIDTH="14"/>
						<String ID="P8_ST01149" HPOS="1165" VPOS="3128" WIDTH="22" HEIGHT="22" CONTENT="in" WC="0.98" CC="00"/>
					</TextLine>
					<TextLine ID="P8_TL00212" HPOS="716" VPOS="3166" WIDTH="471" HEIGHT="29">
						<String ID="P8_ST01150" HPOS="716" VPOS="3167" WIDTH="37" HEIGHT="22" CONTENT="the" WC="0.98" CC="022"/>
						<SP ID="P8_SP00939" HPOS="753" VPOS="3189" WIDTH="17"/>
						<String ID="P8_ST01151" HPOS="770" VPOS="3166" WIDTH="100" HEIGHT="29" CONTENT="opening" WC="0.99" CC="0005050"/>
						<SP ID="P8_SP00940" HPOS="870" VPOS="3195" WIDTH="19"/>
						<String ID="P8_ST01152" HPOS="889" VPOS="3166" WIDTH="97" HEIGHT="22" CONTENT="minutes" WC="1.00" CC="0020200"/>
						<SP ID="P8_SP00941" HPOS="986" VPOS="3195" WIDTH="17"/>
						<String ID="P8_ST01153" HPOS="1003" VPOS="3166" WIDTH="28" HEIGHT="22" CONTENT="of" WC="1.00" CC="00"/>
						<SP ID="P8_SP00942" HPOS="1031" VPOS="3195" WIDTH="15"/>
						<String ID="P8_ST01154" HPOS="1046" VPOS="3166" WIDTH="37" HEIGHT="22" CONTENT="the" WC="0.98" CC="050"/>
						<SP ID="P8_SP00943" HPOS="1083" VPOS="3195" WIDTH="18"/>
						<String ID="P8_ST01155" HPOS="1101" VPOS="3166" WIDTH="86" HEIGHT="22" CONTENT="second" WC="1.00" CC="000200"/>
					</TextLine>
					<TextLine ID="P8_TL00213" HPOS="716" VPOS="3204" WIDTH="471" HEIGHT="24">
						<String ID="P8_ST01156" HPOS="716" VPOS="3205" WIDTH="54" HEIGHT="23" CONTENT="half," WC="1.00" CC="00003"/>
						<SP ID="P8_SP00944" HPOS="770" VPOS="3228" WIDTH="21"/>
						<String ID="P8_ST01157" HPOS="791" VPOS="3205" WIDTH="55" HEIGHT="22" CONTENT="until" WC="1.00" CC="00110"/>
						<SP ID="P8_SP00945" HPOS="846" VPOS="3228" WIDTH="20"/>
						<String ID="P8_ST01158" HPOS="866" VPOS="3204" WIDTH="124" HEIGHT="23" CONTENT="Columbia" WC="1.00" CC="05000000"/>
						<SP ID="P8_SP00946" HPOS="990" VPOS="3228" WIDTH="19"/>
						<String ID="P8_ST01159" HPOS="1009" VPOS="3204" WIDTH="54" HEIGHT="23" CONTENT="took" WC="0.98" CC="0550"/>
						<SP ID="P8_SP00947" HPOS="1063" VPOS="3228" WIDTH="20"/>
						<String ID="P8_ST01160" HPOS="1083" VPOS="3210" WIDTH="13" HEIGHT="16" CONTENT="a" WC="1.00" CC="0"/>
						<SP ID="P8_SP00948" HPOS="1096" VPOS="3228" WIDTH="18"/>
						<String ID="P8_ST01161" HPOS="1114" VPOS="3204" WIDTH="73" HEIGHT="22" CONTENT="44-42" WC="1.00" CC="00000"/>
					</TextLine>
					<TextLine ID="P8_TL00214" HPOS="716" VPOS="3242" WIDTH="346" HEIGHT="23">
						<String ID="P8_ST01162" HPOS="716" VPOS="3243" WIDTH="50" HEIGHT="22" CONTENT="lead" WC="0.99" CC="0300"/>
						<SP ID="P8_SP00949" HPOS="766" VPOS="3265" WIDTH="10"/>
						<String ID="P8_ST01163" HPOS="776" VPOS="3246" WIDTH="21" HEIGHT="19" CONTENT="at" WC="0.76" CC="21"/>
						<SP ID="P8_SP00950" HPOS="797" VPOS="3265" WIDTH="10"/>
						<String ID="P8_ST01164" HPOS="807" VPOS="3243" WIDTH="36" HEIGHT="22" CONTENT="the" WC="0.98" CC="004"/>
						<SP ID="P8_SP00951" HPOS="843" VPOS="3265" WIDTH="15"/>
						<String ID="P8_ST01165" HPOS="858" VPOS="3242" WIDTH="124" HEIGHT="22" CONTENT="16-minute" WC="0.95" CC="020000000"/>
						<SP ID="P8_SP00952" HPOS="982" VPOS="3265" WIDTH="10"/>
						<String ID="P8_ST01166" HPOS="992" VPOS="3242" WIDTH="70" HEIGHT="22" CONTENT="mark." WC="1.00" CC="00200"/>
					</TextLine>
					<TextLine ID="P8_TL00215" HPOS="757" VPOS="3279" WIDTH="430" HEIGHT="29">
						<String ID="P8_ST01167" HPOS="757" VPOS="3281" WIDTH="97" HEIGHT="21" CONTENT="Trenese" WC="0.99" CC="0000000"/>
						<SP ID="P8_SP00953" HPOS="854" VPOS="3302" WIDTH="7"/>
						<String ID="P8_ST01168" HPOS="861" VPOS="3293" WIDTH="5" HEIGHT="6" CONTENT="•" WC="1.00" CC="0"/>
						<SP ID="P8_SP00954" HPOS="866" VPOS="3302" WIDTH="34"/>
						<String ID="P8_ST01169" HPOS="900" VPOS="3279" WIDTH="81" HEIGHT="25" CONTENT="Smith," WC="0.98" CC="073024"/>
						<SP ID="P8_SP00955" HPOS="981" VPOS="3304" WIDTH="47"/>
						<String ID="P8_ST01170" HPOS="1028" VPOS="3282" WIDTH="159" HEIGHT="26" CONTENT="management" WC="1.00" CC="0000000004"/>
					</TextLine>
					<TextLine ID="P8_TL00216" HPOS="715" VPOS="3316" WIDTH="468" HEIGHT="30">
						<String ID="P8_ST01171" HPOS="715" VPOS="3318" WIDTH="82" HEIGHT="25" CONTENT="senior," WC="1.00" CC="0000000"/>
						<SP ID="P8_SP00956" HPOS="797" VPOS="3343" WIDTH="23"/>
						<String ID="P8_ST01172" HPOS="820" VPOS="3317" WIDTH="36" HEIGHT="23" CONTENT="led" WC="1.00" CC="000"/>
						<SP ID="P8_SP00957" HPOS="856" VPOS="3343" WIDTH="23"/>
						<String ID="P8_ST01173" HPOS="879" VPOS="3317" WIDTH="36" HEIGHT="22" CONTENT="the" WC="0.98" CC="040"/>
						<SP ID="P8_SP00958" HPOS="915" VPOS="3343" WIDTH="22"/>
						<String ID="P8_ST01174" HPOS="937" VPOS="3317" WIDTH="120" HEIGHT="29" CONTENT="Wolfpack" WC="0.98" CC="00000000"/>
						<SP ID="P8_SP00959" HPOS="1057" VPOS="3346" WIDTH="23"/>
						<String ID="P8_ST01175" HPOS="1080" VPOS="3316" WIDTH="55" HEIGHT="22" CONTENT="with" WC="1.00" CC="0000"/>
						<SP ID="P8_SP00960" HPOS="1135" VPOS="3346" WIDTH="22"/>
						<String ID="P8_ST01176" HPOS="1157" VPOS="3316" WIDTH="26" HEIGHT="22" CONTENT="21" WC="1.00" CC="00"/>
					</TextLine>
					<TextLine ID="P8_TL00217" HPOS="715" VPOS="3354" WIDTH="472" HEIGHT="31">
						<String ID="P8_ST01177" HPOS="715" VPOS="3356" WIDTH="83" HEIGHT="29" CONTENT="points," WC="0.99" CC="0000090"/>
						<SP ID="P8_SP00961" HPOS="798" VPOS="3385" WIDTH="22"/>
						<String ID="P8_ST01178" HPOS="820" VPOS="3362" WIDTH="44" HEIGHT="15" CONTENT="one" WC="0.99" CC="020"/>
						<SP ID="P8_SP00962" HPOS="864" VPOS="3385" WIDTH="22"/>
						<String ID="P8_ST01179" HPOS="886" VPOS="3354" WIDTH="28" HEIGHT="23" CONTENT="of" WC="1.00" CC="00"/>
						<SP ID="P8_SP00963" HPOS="914" VPOS="3385" WIDTH="21"/>
						<String ID="P8_ST01180" HPOS="935" VPOS="3354" WIDTH="74" HEIGHT="22" CONTENT="which" WC="0.98" CC="94000"/>
						<SP ID="P8_SP00964" HPOS="1009" VPOS="3385" WIDTH="24"/>
						<String ID="P8_ST01181" HPOS="1033" VPOS="3354" WIDTH="92" HEIGHT="22" CONTENT="marked" WC="1.00" CC="000000"/>
						<SP ID="P8_SP00965" HPOS="1125" VPOS="3385" WIDTH="23"/>
						<String ID="P8_ST01182" HPOS="1148" VPOS="3354" WIDTH="39" HEIGHT="22" CONTENT="her" WC="1.00" CC="000"/>
					</TextLine>
					<TextLine ID="P8_TL00218" HPOS="715" VPOS="3393" WIDTH="251" HEIGHT="28">
						<String ID="P8_ST01183" HPOS="715" VPOS="3393" WIDTH="56" HEIGHT="22" CONTENT="2000" WC="0.68" CC="0670"/>
						<SP ID="P8_SP00966" HPOS="771" VPOS="3415" WIDTH="0"/>
						<String ID="P8_ST01184" HPOS="771" VPOS="3393" WIDTH="29" HEIGHT="22" CONTENT="th" WC="0.68" CC="50"/>
						<SP ID="P8_SP00967" HPOS="800" VPOS="3415" WIDTH="10"/>
						<String ID="P8_ST01185" HPOS="810" VPOS="3399" WIDTH="77" HEIGHT="16" CONTENT="career" WC="0.99" CC="500200"/>
						<SP ID="P8_SP00968" HPOS="887" VPOS="3415" WIDTH="10"/>
						<String ID="P8_ST01186" HPOS="897" VPOS="3393" WIDTH="69" HEIGHT="28" CONTENT="point." WC="0.99" CC="060061"/>
					</TextLine>
				</TextBlock>
				<TextBlock ID="P8_TB00018" HPOS="1230" VPOS="2976" WIDTH="473" HEIGHT="442" STYLEREFS="TXT_0 PAR_LEFT">
					<TextLine ID="P8_TL00219" HPOS="1273" VPOS="2976" WIDTH="429" HEIGHT="29">
						<String ID="P8_ST01187" HPOS="1273" VPOS="2977" WIDTH="49" HEIGHT="22" CONTENT="The" WC="1.00" CC="000"/>
						<SP ID="P8_SP00969" HPOS="1322" VPOS="2999" WIDTH="30"/>
						<String ID="P8_ST01188" HPOS="1352" VPOS="2977" WIDTH="124" HEIGHT="22" CONTENT="Columbia" WC="0.99" CC="03006010"/>
						<SP ID="P8_SP00970" HPOS="1476" VPOS="2999" WIDTH="30"/>
						<String ID="P8_ST01189" HPOS="1506" VPOS="2976" WIDTH="62" HEIGHT="29" CONTENT="Lady" WC="0.98" CC="1009"/>
						<SP ID="P8_SP00971" HPOS="1568" VPOS="3005" WIDTH="30"/>
						<String ID="P8_ST01190" HPOS="1598" VPOS="2976" WIDTH="104" HEIGHT="29" CONTENT="Cougars" WC="0.99" CC="0107000"/>
					</TextLine>
					<TextLine ID="P8_TL00220" HPOS="1232" VPOS="3014" WIDTH="471" HEIGHT="29">
						<String ID="P8_ST01191" HPOS="1232" VPOS="3015" WIDTH="82" HEIGHT="28" CONTENT="gained" WC="0.99" CC="006020"/>
						<SP ID="P8_SP00972" HPOS="1314" VPOS="3043" WIDTH="28"/>
						<String ID="P8_ST01192" HPOS="1342" VPOS="3022" WIDTH="13" HEIGHT="14" CONTENT="a" WC="0.61" CC="3"/>
						<SP ID="P8_SP00973" HPOS="1355" VPOS="3043" WIDTH="26"/>
						<String ID="P8_ST01193" HPOS="1381" VPOS="3014" WIDTH="106" HEIGHT="29" CONTENT="21-point" WC="0.79" CC="80003400"/>
						<SP ID="P8_SP00974" HPOS="1487" VPOS="3043" WIDTH="27"/>
						<String ID="P8_ST01194" HPOS="1514" VPOS="3014" WIDTH="50" HEIGHT="22" CONTENT="lead" WC="1.00" CC="0000"/>
						<SP ID="P8_SP00975" HPOS="1564" VPOS="3043" WIDTH="28"/>
						<String ID="P8_ST01195" HPOS="1592" VPOS="3014" WIDTH="53" HEIGHT="22" CONTENT="with" WC="0.99" CC="2010"/>
						<SP ID="P8_SP00976" HPOS="1645" VPOS="3043" WIDTH="31"/>
						<String ID="P8_ST01196" HPOS="1676" VPOS="3014" WIDTH="27" HEIGHT="22" CONTENT="19" WC="1.00" CC="00"/>
					</TextLine>
					<TextLine ID="P8_TL00221" HPOS="1232" VPOS="3052" WIDTH="267" HEIGHT="22">
						<String ID="P8_ST01197" HPOS="1232" VPOS="3052" WIDTH="98" HEIGHT="22" CONTENT="seconds" WC="1.00" CC="0002100"/>
						<SP ID="P8_SP00977" HPOS="1330" VPOS="3074" WIDTH="9"/>
						<String ID="P8_ST01198" HPOS="1339" VPOS="3059" WIDTH="30" HEIGHT="15" CONTENT="on" WC="1.00" CC="00"/>
						<SP ID="P8_SP00978" HPOS="1369" VPOS="3074" WIDTH="11"/>
						<String ID="P8_ST01199" HPOS="1380" VPOS="3052" WIDTH="36" HEIGHT="22" CONTENT="the" WC="0.98" CC="500"/>
						<SP ID="P8_SP00979" HPOS="1416" VPOS="3074" WIDTH="10"/>
						<String ID="P8_ST01200" HPOS="1426" VPOS="3052" WIDTH="73" HEIGHT="22" CONTENT="clock." WC="0.99" CC="500101"/>
					</TextLine>
					<TextLine ID="P8_TL00222" HPOS="1273" VPOS="3089" WIDTH="429" HEIGHT="28">
						<String ID="P8_ST01201" HPOS="1273" VPOS="3090" WIDTH="64" HEIGHT="22" CONTENT="Cold" WC="0.98" CC="1630"/>
						<SP ID="P8_SP00980" HPOS="1337" VPOS="3112" WIDTH="9"/>
						<String ID="P8_ST01202" HPOS="1346" VPOS="3089" WIDTH="119" HEIGHT="28" CONTENT="Shooting" WC="0.99" CC="56451000"/>
						<SP ID="P8_SP00981" HPOS="1465" VPOS="3117" WIDTH="9"/>
						<String ID="P8_ST01203" HPOS="1474" VPOS="3089" WIDTH="91" HEIGHT="22" CONTENT="Dooms" WC="0.98" CC="03430"/>
						<SP ID="P8_SP00982" HPOS="1565" VPOS="3117" WIDTH="9"/>
						<String ID="P8_ST01204" HPOS="1574" VPOS="3089" WIDTH="128" HEIGHT="28" CONTENT="Wolfpack" WC="0.86" CC="60201000"/>
					</TextLine>
					<TextLine ID="P8_TL00223" HPOS="1273" VPOS="3127" WIDTH="429" HEIGHT="29">
						<String ID="P8_ST01205" HPOS="1273" VPOS="3128" WIDTH="48" HEIGHT="22" CONTENT="The" WC="1.00" CC="000"/>
						<SP ID="P8_SP00983" HPOS="1321" VPOS="3150" WIDTH="14"/>
						<String ID="P8_ST01206" HPOS="1335" VPOS="3127" WIDTH="129" HEIGHT="29" CONTENT="Wolfpack," WC="1.00" CC="000000000"/>
						<SP ID="P8_SP00984" HPOS="1464" VPOS="3156" WIDTH="15"/>
						<String ID="P8_ST01207" HPOS="1479" VPOS="3127" WIDTH="37" HEIGHT="23" CONTENT="the" WC="1.00" CC="000"/>
						<SP ID="P8_SP00985" HPOS="1516" VPOS="3156" WIDTH="15"/>
						<String ID="P8_ST01208" HPOS="1531" VPOS="3127" WIDTH="49" HEIGHT="23" CONTENT="best" WC="0.98" CC="0036"/>
						<SP ID="P8_SP00986" HPOS="1580" VPOS="3156" WIDTH="15"/>
						<String ID="P8_ST01209" HPOS="1595" VPOS="3127" WIDTH="107" HEIGHT="28" CONTENT="shooting" WC="0.99" CC="91030007"/>
					</TextLine>
					<TextLine ID="P8_TL00224" HPOS="1231" VPOS="3164" WIDTH="471" HEIGHT="29">
						<String ID="P8_ST01210" HPOS="1231" VPOS="3170" WIDTH="59" HEIGHT="18" CONTENT="team" WC="0.99" CC="4010"/>
						<SP ID="P8_SP00987" HPOS="1290" VPOS="3188" WIDTH="20"/>
						<String ID="P8_ST01211" HPOS="1310" VPOS="3166" WIDTH="22" HEIGHT="22" CONTENT="in" WC="0.81" CC="30"/>
						<SP ID="P8_SP00988" HPOS="1332" VPOS="3188" WIDTH="18"/>
						<String ID="P8_ST01212" HPOS="1350" VPOS="3166" WIDTH="37" HEIGHT="22" CONTENT="the" WC="0.99" CC="300"/>
						<SP ID="P8_SP00989" HPOS="1387" VPOS="3188" WIDTH="18"/>
						<String ID="P8_ST01213" HPOS="1405" VPOS="3166" WIDTH="84" HEIGHT="24" CONTENT="NAIA," WC="0.93" CC="00300"/>
						<SP ID="P8_SP00990" HPOS="1489" VPOS="3190" WIDTH="19"/>
						<String ID="P8_ST01214" HPOS="1508" VPOS="3165" WIDTH="50" HEIGHT="22" CONTENT="shot" WC="0.99" CC="0202"/>
						<SP ID="P8_SP00991" HPOS="1558" VPOS="3190" WIDTH="18"/>
						<String ID="P8_ST01215" HPOS="1576" VPOS="3165" WIDTH="54" HEIGHT="28" CONTENT="only" WC="1.00" CC="0000"/>
						<SP ID="P8_SP00992" HPOS="1630" VPOS="3193" WIDTH="18"/>
						<String ID="P8_ST01216" HPOS="1648" VPOS="3164" WIDTH="54" HEIGHT="23" CONTENT="30.4" WC="0.98" CC="0000"/>
					</TextLine>
					<TextLine ID="P8_TL00225" HPOS="1231" VPOS="3202" WIDTH="471" HEIGHT="30">
						<String ID="P8_ST01217" HPOS="1231" VPOS="3206" WIDTH="91" HEIGHT="26" CONTENT="percent" WC="1.00" CC="0000006"/>
						<SP ID="P8_SP00993" HPOS="1322" VPOS="3232" WIDTH="11"/>
						<String ID="P8_ST01218" HPOS="1333" VPOS="3203" WIDTH="59" HEIGHT="22" CONTENT="from" WC="1.00" CC="0000"/>
						<SP ID="P8_SP00994" HPOS="1392" VPOS="3232" WIDTH="10"/>
						<String ID="P8_ST01219" HPOS="1402" VPOS="3203" WIDTH="36" HEIGHT="22" CONTENT="the" WC="0.98" CC="040"/>
						<SP ID="P8_SP00995" HPOS="1438" VPOS="3232" WIDTH="11"/>
						<String ID="P8_ST01220" HPOS="1449" VPOS="3203" WIDTH="54" HEIGHT="22" CONTENT="field" WC="1.00" CC="00001"/>
						<SP ID="P8_SP00996" HPOS="1503" VPOS="3232" WIDTH="9"/>
						<String ID="P8_ST01221" HPOS="1512" VPOS="3206" WIDTH="21" HEIGHT="18" CONTENT="at" WC="1.00" CC="00"/>
						<SP ID="P8_SP00997" HPOS="1533" VPOS="3232" WIDTH="10"/>
						<String ID="P8_ST01222" HPOS="1543" VPOS="3202" WIDTH="36" HEIGHT="22" CONTENT="the" WC="1.00" CC="000"/>
						<SP ID="P8_SP00998" HPOS="1579" VPOS="3232" WIDTH="11"/>
						<String ID="P8_ST01223" HPOS="1590" VPOS="3202" WIDTH="112" HEIGHT="22" CONTENT="Lambuth" WC="0.78" CC="6090000"/>
					</TextLine>
					<TextLine ID="P8_TL00226" HPOS="1230" VPOS="3240" WIDTH="98" HEIGHT="23">
						<String ID="P8_ST01224" HPOS="1230" VPOS="3240" WIDTH="98" HEIGHT="23" CONTENT="Classic." WC="0.99" CC="03007200"/>
					</TextLine>
					<TextLine ID="P8_TL00227" HPOS="1274" VPOS="3277" WIDTH="428" HEIGHT="30">
						<String ID="P8_ST01225" HPOS="1274" VPOS="3278" WIDTH="88" HEIGHT="29" CONTENT="Loyola" WC="1.00" CC="000010"/>
						<SP ID="P8_SP00999" HPOS="1362" VPOS="3307" WIDTH="41"/>
						<String ID="P8_ST01226" HPOS="1403" VPOS="3278" WIDTH="36" HEIGHT="22" CONTENT="led" WC="1.00" CC="000"/>
						<SP ID="P8_SP01000" HPOS="1439" VPOS="3307" WIDTH="41"/>
						<String ID="P8_ST01227" HPOS="1480" VPOS="3277" WIDTH="80" HEIGHT="29" CONTENT="briefly" WC="1.00" CC="0010000"/>
						<SP ID="P8_SP01001" HPOS="1560" VPOS="3307" WIDTH="42"/>
						<String ID="P8_ST01228" HPOS="1602" VPOS="3277" WIDTH="21" HEIGHT="22" CONTENT="in" WC="1.00" CC="00"/>
						<SP ID="P8_SP01002" HPOS="1623" VPOS="3307" WIDTH="42"/>
						<String ID="P8_ST01229" HPOS="1665" VPOS="3277" WIDTH="37" HEIGHT="22" CONTENT="the" WC="0.98" CC="400"/>
					</TextLine>
					<TextLine ID="P8_TL00228" HPOS="1230" VPOS="3315" WIDTH="472" HEIGHT="30">
						<String ID="P8_ST01230" HPOS="1230" VPOS="3315" WIDTH="102" HEIGHT="30" CONTENT="opening" WC="0.99" CC="2025100"/>
						<SP ID="P8_SP01003" HPOS="1332" VPOS="3345" WIDTH="21"/>
						<String ID="P8_ST01231" HPOS="1353" VPOS="3315" WIDTH="98" HEIGHT="22" CONTENT="minutes" WC="0.99" CC="0501009"/>
						<SP ID="P8_SP01004" HPOS="1451" VPOS="3345" WIDTH="22"/>
						<String ID="P8_ST01232" HPOS="1473" VPOS="3315" WIDTH="54" HEIGHT="22" CONTENT="with" WC="0.99" CC="0040"/>
						<SP ID="P8_SP01005" HPOS="1527" VPOS="3345" WIDTH="22"/>
						<String ID="P8_ST01233" HPOS="1549" VPOS="3315" WIDTH="47" HEIGHT="22" CONTENT="free" WC="1.00" CC="0000"/>
						<SP ID="P8_SP01006" HPOS="1596" VPOS="3345" WIDTH="21"/>
						<String ID="P8_ST01234" HPOS="1617" VPOS="3315" WIDTH="85" HEIGHT="22" CONTENT="throws" WC="0.98" CC="005388"/>
					</TextLine>
					<TextLine ID="P8_TL00229" HPOS="1231" VPOS="3352" WIDTH="470" HEIGHT="30">
						<String ID="P8_ST01235" HPOS="1231" VPOS="3354" WIDTH="30" HEIGHT="28" CONTENT="by" WC="0.82" CC="03"/>
						<SP ID="P8_SP01007" HPOS="1261" VPOS="3382" WIDTH="22"/>
						<String ID="P8_ST01236" HPOS="1283" VPOS="3354" WIDTH="117" HEIGHT="22" CONTENT="Madeline" WC="1.00" CC="00000301"/>
						<SP ID="P8_SP01008" HPOS="1400" VPOS="3382" WIDTH="21"/>
						<String ID="P8_ST01237" HPOS="1421" VPOS="3354" WIDTH="134" HEIGHT="27" CONTENT="Gagneaux," WC="0.98" CC="000000001"/>
						<SP ID="P8_SP01009" HPOS="1555" VPOS="3382" WIDTH="22"/>
						<String ID="P8_ST01238" HPOS="1577" VPOS="3352" WIDTH="124" HEIGHT="29" CONTENT="biological" WC="0.99" CC="6520453013"/>
					</TextLine>
					<TextLine ID="P8_TL00230" HPOS="1231" VPOS="3390" WIDTH="470" HEIGHT="28">
						<String ID="P8_ST01239" HPOS="1231" VPOS="3392" WIDTH="103" HEIGHT="22" CONTENT="sciences" WC="1.00" CC="00002120"/>
						<SP ID="P8_SP01010" HPOS="1334" VPOS="3414" WIDTH="12"/>
						<String ID="P8_ST01240" HPOS="1346" VPOS="3391" WIDTH="123" HEIGHT="22" CONTENT="freshman." WC="0.99" CC="000806010"/>
						<SP ID="P8_SP01011" HPOS="1469" VPOS="3414" WIDTH="13"/>
						<String ID="P8_ST01241" HPOS="1482" VPOS="3390" WIDTH="76" HEIGHT="23" CONTENT="Union" WC="0.99" CC="00230"/>
						<SP ID="P8_SP01012" HPOS="1558" VPOS="3414" WIDTH="12"/>
						<String ID="P8_ST01242" HPOS="1570" VPOS="3390" WIDTH="131" HEIGHT="28" CONTENT="University" WC="1.00" CC="0000006000"/>
					</TextLine>
				</TextBlock>
				<TextBlock ID="P8_TB00019" HPOS="1744" VPOS="2976" WIDTH="468" HEIGHT="443" STYLEREFS="TXT_0 PAR_LEFT">
					<TextLine ID="P8_TL00231" HPOS="1745" VPOS="2976" WIDTH="467" HEIGHT="30">
						<String ID="P8_ST01243" HPOS="1745" VPOS="2976" WIDTH="121" HEIGHT="23" CONTENT="outscored" WC="0.86" CC="501001120"/>
						<SP ID="P8_SP01013" HPOS="1866" VPOS="2999" WIDTH="11"/>
						<String ID="P8_ST01244" HPOS="1877" VPOS="2976" WIDTH="36" HEIGHT="22" CONTENT="the" WC="0.99" CC="010"/>
						<SP ID="P8_SP01014" HPOS="1913" VPOS="2999" WIDTH="11"/>
						<String ID="P8_ST01245" HPOS="1924" VPOS="2983" WIDTH="90" HEIGHT="16" CONTENT="women" WC="0.99" CC="13000"/>
						<SP ID="P8_SP01015" HPOS="2014" VPOS="2999" WIDTH="10"/>
						<String ID="P8_ST01246" HPOS="2024" VPOS="2977" WIDTH="30" HEIGHT="29" CONTENT="by" WC="1.00" CC="00"/>
						<SP ID="P8_SP01016" HPOS="2054" VPOS="3006" WIDTH="14"/>
						<String ID="P8_ST01247" HPOS="2068" VPOS="2977" WIDTH="26" HEIGHT="22" CONTENT="15" WC="1.00" CC="00"/>
						<SP ID="P8_SP01017" HPOS="2094" VPOS="3006" WIDTH="11"/>
						<String ID="P8_ST01248" HPOS="2105" VPOS="2977" WIDTH="75" HEIGHT="29" CONTENT="points" WC="1.00" CC="002200"/>
						<SP ID="P8_SP01018" HPOS="2180" VPOS="3006" WIDTH="10"/>
						<String ID="P8_ST01249" HPOS="2190" VPOS="2977" WIDTH="22" HEIGHT="23" CONTENT="in" WC="1.00" CC="00"/>
					</TextLine>
					<TextLine ID="P8_TL00232" HPOS="1746" VPOS="3014" WIDTH="466" HEIGHT="29">
						<String ID="P8_ST01250" HPOS="1746" VPOS="3014" WIDTH="36" HEIGHT="22" CONTENT="the" WC="0.98" CC="060"/>
						<SP ID="P8_SP01019" HPOS="1782" VPOS="3036" WIDTH="12"/>
						<String ID="P8_ST01251" HPOS="1794" VPOS="3014" WIDTH="85" HEIGHT="22" CONTENT="second" WC="0.99" CC="500200"/>
						<SP ID="P8_SP01020" HPOS="1879" VPOS="3036" WIDTH="10"/>
						<String ID="P8_ST01252" HPOS="1889" VPOS="3018" WIDTH="94" HEIGHT="25" CONTENT="quarter," WC="1.00" CC="00105000"/>
						<SP ID="P8_SP01021" HPOS="1983" VPOS="3043" WIDTH="11"/>
						<String ID="P8_ST01253" HPOS="1994" VPOS="3014" WIDTH="74" HEIGHT="23" CONTENT="which" WC="0.99" CC="05000"/>
						<SP ID="P8_SP01022" HPOS="2068" VPOS="3043" WIDTH="12"/>
						<String ID="P8_ST01254" HPOS="2080" VPOS="3015" WIDTH="36" HEIGHT="22" CONTENT="led" WC="1.00" CC="000"/>
						<SP ID="P8_SP01023" HPOS="2116" VPOS="3043" WIDTH="10"/>
						<String ID="P8_ST01255" HPOS="2126" VPOS="3019" WIDTH="24" HEIGHT="18" CONTENT="to" WC="0.89" CC="20"/>
						<SP ID="P8_SP01024" HPOS="2150" VPOS="3043" WIDTH="6"/>
						<String ID="P8_ST01256" HPOS="2156" VPOS="3022" WIDTH="17" HEIGHT="15" CONTENT="a" WC="0.24" CC="7"/>
						<SP ID="P8_SP01025" HPOS="2173" VPOS="3043" WIDTH="11"/>
						<String ID="P8_ST01257" HPOS="2184" VPOS="3015" WIDTH="28" HEIGHT="22" CONTENT="28" WC="1.00" CC="00"/>
					</TextLine>
					<TextLine ID="P8_TL00233" HPOS="1746" VPOS="3051" WIDTH="224" HEIGHT="29">
						<String ID="P8_ST01258" HPOS="1746" VPOS="3051" WIDTH="62" HEIGHT="29" CONTENT="point" WC="0.98" CC="04401"/>
						<SP ID="P8_SP01026" HPOS="1808" VPOS="3080" WIDTH="11"/>
						<String ID="P8_ST01259" HPOS="1819" VPOS="3051" WIDTH="50" HEIGHT="23" CONTENT="lead" WC="0.99" CC="4000"/>
						<SP ID="P8_SP01027" HPOS="1869" VPOS="3080" WIDTH="10"/>
						<String ID="P8_ST01260" HPOS="1879" VPOS="3051" WIDTH="91" HEIGHT="29" CONTENT="victory." WC="1.00" CC="00004000"/>
					</TextLine>
					<TextLine ID="P8_TL00234" HPOS="1788" VPOS="3089" WIDTH="423" HEIGHT="30">
						<String ID="P8_ST01261" HPOS="1788" VPOS="3089" WIDTH="102" HEIGHT="22" CONTENT="Political" WC="1.00" CC="004043000"/>
						<SP ID="P8_SP01028" HPOS="1890" VPOS="3111" WIDTH="12"/>
						<String ID="P8_ST01262" HPOS="1902" VPOS="3089" WIDTH="90" HEIGHT="22" CONTENT="science" WC="1.00" CC="0000010"/>
						<SP ID="P8_SP01029" HPOS="1992" VPOS="3111" WIDTH="11"/>
						<String ID="P8_ST01263" HPOS="2003" VPOS="3089" WIDTH="121" HEIGHT="23" CONTENT="freshman." WC="1.00" CC="000000300"/>
						<SP ID="P8_SP01030" HPOS="2124" VPOS="3112" WIDTH="14"/>
						<String ID="P8_ST01264" HPOS="2138" VPOS="3090" WIDTH="73" HEIGHT="29" CONTENT="Molly" WC="1.00" CC="01000"/>
					</TextLine>
					<TextLine ID="P8_TL00235" HPOS="1746" VPOS="3127" WIDTH="466" HEIGHT="28">
						<String ID="P8_ST01265" HPOS="1746" VPOS="3127" WIDTH="73" HEIGHT="28" CONTENT="Emig," WC="0.92" CC="00002"/>
						<SP ID="P8_SP01031" HPOS="1819" VPOS="3155" WIDTH="26"/>
						<String ID="P8_ST01266" HPOS="1845" VPOS="3133" WIDTH="65" HEIGHT="16" CONTENT="came" WC="1.00" CC="0000"/>
						<SP ID="P8_SP01032" HPOS="1910" VPOS="3155" WIDTH="25"/>
						<String ID="P8_ST01267" HPOS="1935" VPOS="3127" WIDTH="38" HEIGHT="23" CONTENT="off" WC="0.97" CC="060"/>
						<SP ID="P8_SP01033" HPOS="1973" VPOS="3155" WIDTH="23"/>
						<String ID="P8_ST01268" HPOS="1996" VPOS="3127" WIDTH="37" HEIGHT="23" CONTENT="the" WC="0.98" CC="040"/>
						<SP ID="P8_SP01034" HPOS="2033" VPOS="3155" WIDTH="26"/>
						<String ID="P8_ST01269" HPOS="2059" VPOS="3127" WIDTH="73" HEIGHT="23" CONTENT="bench" WC="0.99" CC="01040"/>
						<SP ID="P8_SP01035" HPOS="2132" VPOS="3155" WIDTH="27"/>
						<String ID="P8_ST01270" HPOS="2159" VPOS="3128" WIDTH="53" HEIGHT="22" CONTENT="with" WC="0.98" CC="7020"/>
					</TextLine>
					<TextLine ID="P8_TL00236" HPOS="1749" VPOS="3165" WIDTH="463" HEIGHT="29">
						<String ID="P8_ST01271" HPOS="1749" VPOS="3165" WIDTH="26" HEIGHT="22" CONTENT="10" WC="0.69" CC="60"/>
						<SP ID="P8_SP01036" HPOS="1775" VPOS="3187" WIDTH="22"/>
						<String ID="P8_ST01272" HPOS="1797" VPOS="3165" WIDTH="83" HEIGHT="29" CONTENT="points," WC="1.00" CC="0001001"/>
						<SP ID="P8_SP01037" HPOS="1880" VPOS="3194" WIDTH="23"/>
						<String ID="P8_ST01273" HPOS="1903" VPOS="3165" WIDTH="43" HEIGHT="22" CONTENT="and" WC="1.00" CC="000"/>
						<SP ID="P8_SP01038" HPOS="1946" VPOS="3194" WIDTH="22"/>
						<String ID="P8_ST01274" HPOS="1968" VPOS="3165" WIDTH="126" HEIGHT="29" CONTENT="Gagneaux" WC="0.86" CC="30021030"/>
						<SP ID="P8_SP01039" HPOS="2094" VPOS="3194" WIDTH="23"/>
						<String ID="P8_ST01275" HPOS="2117" VPOS="3166" WIDTH="36" HEIGHT="22" CONTENT="led" WC="1.00" CC="000"/>
						<SP ID="P8_SP01040" HPOS="2153" VPOS="3194" WIDTH="23"/>
						<String ID="P8_ST01276" HPOS="2176" VPOS="3166" WIDTH="36" HEIGHT="22" CONTENT="the" WC="1.00" CC="000"/>
					</TextLine>
					<TextLine ID="P8_TL00237" HPOS="1746" VPOS="3202" WIDTH="312" HEIGHT="29">
						<String ID="P8_ST01277" HPOS="1746" VPOS="3202" WIDTH="118" HEIGHT="29" CONTENT="Wolfpack" WC="0.94" CC="00400000"/>
						<SP ID="P8_SP01041" HPOS="1864" VPOS="3231" WIDTH="11"/>
						<String ID="P8_ST01278" HPOS="1875" VPOS="3202" WIDTH="54" HEIGHT="22" CONTENT="with" WC="0.99" CC="0003"/>
						<SP ID="P8_SP01042" HPOS="1929" VPOS="3231" WIDTH="13"/>
						<String ID="P8_ST01279" HPOS="1942" VPOS="3202" WIDTH="26" HEIGHT="22" CONTENT="12" WC="1.00" CC="00"/>
						<SP ID="P8_SP01043" HPOS="1968" VPOS="3231" WIDTH="10"/>
						<String ID="P8_ST01280" HPOS="1978" VPOS="3203" WIDTH="80" HEIGHT="28" CONTENT="points." WC="1.00" CC="6000000"/>
					</TextLine>
					<TextLine ID="P8_TL00238" HPOS="1787" VPOS="3239" WIDTH="425" HEIGHT="24">
						<String ID="P8_ST01281" HPOS="1787" VPOS="3239" WIDTH="82" HEIGHT="23" CONTENT="Men's" WC="0.99" CC="40005"/>
						<SP ID="P8_SP01044" HPOS="1869" VPOS="3262" WIDTH="38"/>
						<String ID="P8_ST01282" HPOS="1907" VPOS="3239" WIDTH="138" HEIGHT="23" CONTENT="Exhibition" WC="1.00" CC="0000004020"/>
						<SP ID="P8_SP01045" HPOS="2045" VPOS="3262" WIDTH="39"/>
						<String ID="P8_ST01283" HPOS="2084" VPOS="3240" WIDTH="59" HEIGHT="23" CONTENT="Loss" WC="0.96" CC="3753"/>
						<SP ID="P8_SP01046" HPOS="2143" VPOS="3263" WIDTH="36"/>
						<String ID="P8_ST01284" HPOS="2179" VPOS="3241" WIDTH="33" HEIGHT="22" CONTENT="To" WC="0.89" CC="20"/>
					</TextLine>
					<TextLine ID="P8_TL00239" HPOS="1745" VPOS="3277" WIDTH="107" HEIGHT="22">
						<String ID="P8_ST01285" HPOS="1745" VPOS="3277" WIDTH="107" HEIGHT="22" CONTENT="Nicholls" WC="0.63" CC="75201407"/>
					</TextLine>
					<TextLine ID="P8_TL00240" HPOS="1787" VPOS="3315" WIDTH="424" HEIGHT="29">
						<String ID="P8_ST01286" HPOS="1787" VPOS="3315" WIDTH="109" HEIGHT="29" CONTENT="Loyola's" WC="0.99" CC="14060021"/>
						<SP ID="P8_SP01047" HPOS="1896" VPOS="3344" WIDTH="6"/>
						<String ID="P8_ST01287" HPOS="1902" VPOS="3315" WIDTH="77" HEIGHT="22" CONTENT="Men's" WC="0.99" CC="00140"/>
						<SP ID="P8_SP01048" HPOS="1979" VPOS="3344" WIDTH="6"/>
						<String ID="P8_ST01288" HPOS="1985" VPOS="3315" WIDTH="130" HEIGHT="23" CONTENT="Basketball" WC="1.00" CC="0090000012"/>
						<SP ID="P8_SP01049" HPOS="2115" VPOS="3344" WIDTH="7"/>
						<String ID="P8_ST01289" HPOS="2122" VPOS="3315" WIDTH="44" HEIGHT="23" CONTENT="lost" WC="0.99" CC="0005"/>
						<SP ID="P8_SP01050" HPOS="2166" VPOS="3344" WIDTH="7"/>
						<String ID="P8_ST01290" HPOS="2173" VPOS="3316" WIDTH="38" HEIGHT="22" CONTENT="82-" WC="0.95" CC="100"/>
					</TextLine>
					<TextLine ID="P8_TL00241" HPOS="1745" VPOS="3353" WIDTH="466" HEIGHT="23">
						<String ID="P8_ST01291" HPOS="1745" VPOS="3353" WIDTH="30" HEIGHT="22" CONTENT="66" WC="0.81" CC="03"/>
						<SP ID="P8_SP01051" HPOS="1775" VPOS="3375" WIDTH="11"/>
						<String ID="P8_ST01292" HPOS="1786" VPOS="3356" WIDTH="24" HEIGHT="19" CONTENT="to" WC="1.00" CC="00"/>
						<SP ID="P8_SP01052" HPOS="1810" VPOS="3375" WIDTH="12"/>
						<String ID="P8_ST01293" HPOS="1822" VPOS="3353" WIDTH="104" HEIGHT="22" CONTENT="Nicholls" WC="0.84" CC="00200108"/>
						<SP ID="P8_SP01053" HPOS="1926" VPOS="3375" WIDTH="13"/>
						<String ID="P8_ST01294" HPOS="1939" VPOS="3353" WIDTH="60" HEIGHT="23" CONTENT="State" WC="1.00" CC="00000"/>
						<SP ID="P8_SP01054" HPOS="1999" VPOS="3376" WIDTH="13"/>
						<String ID="P8_ST01295" HPOS="2012" VPOS="3353" WIDTH="22" HEIGHT="23" CONTENT="in" WC="1.00" CC="00"/>
						<SP ID="P8_SP01055" HPOS="2034" VPOS="3376" WIDTH="12"/>
						<String ID="P8_ST01296" HPOS="2046" VPOS="3360" WIDTH="27" HEIGHT="16" CONTENT="an" WC="1.00" CC="00"/>
						<SP ID="P8_SP01056" HPOS="2073" VPOS="3376" WIDTH="12"/>
						<String ID="P8_ST01297" HPOS="2085" VPOS="3354" WIDTH="126" HEIGHT="22" CONTENT="exhibition" WC="1.00" CC="0330000050"/>
					</TextLine>
					<TextLine ID="P8_TL00242" HPOS="1744" VPOS="3390" WIDTH="292" HEIGHT="29">
						<String ID="P8_ST01298" HPOS="1744" VPOS="3394" WIDTH="88" HEIGHT="19" CONTENT="contest" WC="0.99" CC="0400096"/>
						<SP ID="P8_SP01057" HPOS="1832" VPOS="3413" WIDTH="8"/>
						<String ID="P8_ST01299" HPOS="1840" VPOS="3390" WIDTH="117" HEIGHT="29" CONTENT="Thursday" WC="1.00" CC="00010000"/>
						<SP ID="P8_SP01058" HPOS="1957" VPOS="3419" WIDTH="11"/>
						<String ID="P8_ST01300" HPOS="1968" VPOS="3391" WIDTH="68" HEIGHT="28" CONTENT="night." WC="1.00" CC="050000"/>
					</TextLine>
				</TextBlock>
				<TextBlock ID="P8_TB00020" HPOS="2254" VPOS="2977" WIDTH="471" HEIGHT="444" STYLEREFS="TXT_0 PAR_BLOCK">
					<TextLine ID="P8_TL00243" HPOS="2298" VPOS="2978" WIDTH="427" HEIGHT="29">
						<String ID="P8_ST01301" HPOS="2298" VPOS="2978" WIDTH="176" HEIGHT="29" CONTENT="Loyola'sßyan" WC="1.00" CC="200000150000"/>
						<SP ID="P8_SP01059" HPOS="2474" VPOS="3007" WIDTH="6"/>
						<String ID="P8_ST01302" HPOS="2480" VPOS="2978" WIDTH="83" HEIGHT="25" CONTENT="Brock," WC="0.99" CC="003040"/>
						<SP ID="P8_SP01060" HPOS="2563" VPOS="3007" WIDTH="5"/>
						<String ID="P8_ST01303" HPOS="2568" VPOS="2982" WIDTH="157" HEIGHT="25" CONTENT="management" WC="1.00" CC="0300000000"/>
					</TextLine>
					<TextLine ID="P8_TL00244" HPOS="2254" VPOS="3015" WIDTH="471" HEIGHT="29">
						<String ID="P8_ST01304" HPOS="2254" VPOS="3015" WIDTH="77" HEIGHT="29" CONTENT="junior" WC="0.99" CC="000356"/>
						<SP ID="P8_SP01061" HPOS="2331" VPOS="3044" WIDTH="9"/>
						<String ID="P8_ST01305" HPOS="2340" VPOS="3016" WIDTH="44" HEIGHT="22" CONTENT="and" WC="0.98" CC="006"/>
						<SP ID="P8_SP01062" HPOS="2384" VPOS="3044" WIDTH="9"/>
						<String ID="P8_ST01306" HPOS="2393" VPOS="3016" WIDTH="37" HEIGHT="22" CONTENT="the" WC="0.99" CC="010"/>
						<SP ID="P8_SP01063" HPOS="2430" VPOS="3044" WIDTH="10"/>
						<String ID="P8_ST01307" HPOS="2440" VPOS="3016" WIDTH="95" HEIGHT="22" CONTENT="NAIA's" WC="0.72" CC="041036"/>
						<SP ID="P8_SP01064" HPOS="2535" VPOS="3044" WIDTH="9"/>
						<String ID="P8_ST01308" HPOS="2544" VPOS="3015" WIDTH="90" HEIGHT="29" CONTENT="leading" WC="0.99" CC="2014600"/>
						<SP ID="P8_SP01065" HPOS="2634" VPOS="3044" WIDTH="11"/>
						<String ID="P8_ST01309" HPOS="2645" VPOS="3022" WIDTH="80" HEIGHT="19" CONTENT="scorer," WC="0.99" CC="5020040"/>
					</TextLine>
					<TextLine ID="P8_TL00245" HPOS="2256" VPOS="3054" WIDTH="468" HEIGHT="28">
						<String ID="P8_ST01310" HPOS="2256" VPOS="3054" WIDTH="102" HEIGHT="28" CONTENT="entering" WC="1.00" CC="00000004"/>
						<SP ID="P8_SP01066" HPOS="2358" VPOS="3082" WIDTH="13"/>
						<String ID="P8_ST01311" HPOS="2371" VPOS="3054" WIDTH="37" HEIGHT="22" CONTENT="the" WC="0.98" CC="040"/>
						<SP ID="P8_SP01067" HPOS="2408" VPOS="3082" WIDTH="12"/>
						<String ID="P8_ST01312" HPOS="2420" VPOS="3058" WIDTH="88" HEIGHT="18" CONTENT="contest" WC="1.00" CC="0300030"/>
						<SP ID="P8_SP01068" HPOS="2508" VPOS="3082" WIDTH="13"/>
						<String ID="P8_ST01313" HPOS="2521" VPOS="3054" WIDTH="123" HEIGHT="28" CONTENT="averaging" WC="1.00" CC="002000610"/>
						<SP ID="P8_SP01069" HPOS="2644" VPOS="3082" WIDTH="12"/>
						<String ID="P8_ST01314" HPOS="2656" VPOS="3054" WIDTH="68" HEIGHT="22" CONTENT="26.83" WC="0.96" CC="00020"/>
					</TextLine>
					<TextLine ID="P8_TL00246" HPOS="2257" VPOS="3091" WIDTH="468" HEIGHT="29">
						<String ID="P8_ST01315" HPOS="2257" VPOS="3091" WIDTH="160" HEIGHT="29" CONTENT="points/game," WC="1.00" CC="060023700000"/>
						<SP ID="P8_SP01070" HPOS="2417" VPOS="3120" WIDTH="16"/>
						<String ID="P8_ST01316" HPOS="2433" VPOS="3098" WIDTH="47" HEIGHT="16" CONTENT="was" WC="0.98" CC="500"/>
						<SP ID="P8_SP01071" HPOS="2480" VPOS="3120" WIDTH="17"/>
						<String ID="P8_ST01317" HPOS="2497" VPOS="3091" WIDTH="52" HEIGHT="23" CONTENT="held" WC="1.00" CC="0000"/>
						<SP ID="P8_SP01072" HPOS="2549" VPOS="3120" WIDTH="16"/>
						<String ID="P8_ST01318" HPOS="2565" VPOS="3095" WIDTH="24" HEIGHT="19" CONTENT="to" WC="0.61" CC="42"/>
						<SP ID="P8_SP01073" HPOS="2589" VPOS="3120" WIDTH="12"/>
						<String ID="P8_ST01319" HPOS="2601" VPOS="3091" WIDTH="47" HEIGHT="29" CONTENT="just" WC="0.99" CC="0022"/>
						<SP ID="P8_SP01074" HPOS="2648" VPOS="3120" WIDTH="15"/>
						<String ID="P8_ST01320" HPOS="2663" VPOS="3091" WIDTH="62" HEIGHT="29" CONTENT="eight" WC="1.00" CC="01000"/>
					</TextLine>
					<TextLine ID="P8_TL00247" HPOS="2257" VPOS="3129" WIDTH="468" HEIGHT="29">
						<String ID="P8_ST01321" HPOS="2257" VPOS="3129" WIDTH="81" HEIGHT="29" CONTENT="points." WC="0.99" CC="0500060"/>
						<SP ID="P8_SP01075" HPOS="2338" VPOS="3158" WIDTH="29"/>
						<String ID="P8_ST01322" HPOS="2367" VPOS="3129" WIDTH="162" HEIGHT="29" CONTENT="Management" WC="0.99" CC="2000907100"/>
						<SP ID="P8_SP01076" HPOS="2529" VPOS="3158" WIDTH="28"/>
						<String ID="P8_ST01323" HPOS="2557" VPOS="3129" WIDTH="82" HEIGHT="25" CONTENT="senior," WC="1.00" CC="0000000"/>
						<SP ID="P8_SP01077" HPOS="2639" VPOS="3158" WIDTH="27"/>
						<String ID="P8_ST01324" HPOS="2666" VPOS="3129" WIDTH="59" HEIGHT="23" CONTENT="Sean" WC="1.00" CC="0000"/>
					</TextLine>
					<TextLine ID="P8_TL00248" HPOS="2257" VPOS="3166" WIDTH="467" HEIGHT="30">
						<String ID="P8_ST01325" HPOS="2257" VPOS="3167" WIDTH="103" HEIGHT="25" CONTENT="Bennett," WC="1.00" CC="00000600"/>
						<SP ID="P8_SP01078" HPOS="2360" VPOS="3192" WIDTH="18"/>
						<String ID="P8_ST01326" HPOS="2378" VPOS="3166" WIDTH="80" HEIGHT="23" CONTENT="scored" WC="1.00" CC="002000"/>
						<SP ID="P8_SP01079" HPOS="2458" VPOS="3192" WIDTH="17"/>
						<String ID="P8_ST01327" HPOS="2475" VPOS="3174" WIDTH="13" HEIGHT="15" CONTENT="a" WC="1.00" CC="0"/>
						<SP ID="P8_SP01080" HPOS="2488" VPOS="3192" WIDTH="16"/>
						<String ID="P8_ST01328" HPOS="2504" VPOS="3167" WIDTH="133" HEIGHT="29" CONTENT="game-high" WC="1.00" CC="000030000"/>
						<SP ID="P8_SP01081" HPOS="2637" VPOS="3196" WIDTH="17"/>
						<String ID="P8_ST01329" HPOS="2654" VPOS="3166" WIDTH="27" HEIGHT="23" CONTENT="of" WC="0.79" CC="40"/>
						<SP ID="P8_SP01082" HPOS="2681" VPOS="3196" WIDTH="14"/>
						<String ID="P8_ST01330" HPOS="2695" VPOS="3166" WIDTH="29" HEIGHT="23" CONTENT="28" WC="0.90" CC="01"/>
					</TextLine>
					<TextLine ID="P8_TL00249" HPOS="2257" VPOS="3204" WIDTH="467" HEIGHT="29">
						<String ID="P8_ST01331" HPOS="2257" VPOS="3204" WIDTH="82" HEIGHT="29" CONTENT="points," WC="1.00" CC="0000000"/>
						<SP ID="P8_SP01083" HPOS="2339" VPOS="3233" WIDTH="20"/>
						<String ID="P8_ST01332" HPOS="2359" VPOS="3204" WIDTH="106" HEIGHT="29" CONTENT="shooting" WC="0.99" CC="83010008"/>
						<SP ID="P8_SP01084" HPOS="2465" VPOS="3233" WIDTH="20"/>
						<String ID="P8_ST01333" HPOS="2485" VPOS="3204" WIDTH="13" HEIGHT="22" CONTENT="7" WC="1.00" CC="0"/>
						<SP ID="P8_SP01085" HPOS="2498" VPOS="3233" WIDTH="19"/>
						<String ID="P8_ST01334" HPOS="2517" VPOS="3204" WIDTH="28" HEIGHT="23" CONTENT="of" WC="1.00" CC="00"/>
						<SP ID="P8_SP01086" HPOS="2545" VPOS="3233" WIDTH="20"/>
						<String ID="P8_ST01335" HPOS="2565" VPOS="3205" WIDTH="26" HEIGHT="22" CONTENT="14" WC="1.00" CC="00"/>
						<SP ID="P8_SP01087" HPOS="2591" VPOS="3233" WIDTH="19"/>
						<String ID="P8_ST01336" HPOS="2610" VPOS="3204" WIDTH="59" HEIGHT="23" CONTENT="from" WC="1.00" CC="0000"/>
						<SP ID="P8_SP01088" HPOS="2669" VPOS="3233" WIDTH="19"/>
						<String ID="P8_ST01337" HPOS="2688" VPOS="3204" WIDTH="36" HEIGHT="23" CONTENT="the" WC="0.98" CC="500"/>
					</TextLine>
					<TextLine ID="P8_TL00250" HPOS="2257" VPOS="3241" WIDTH="60" HEIGHT="23">
						<String ID="P8_ST01338" HPOS="2257" VPOS="3241" WIDTH="60" HEIGHT="23" CONTENT="field." WC="1.00" CC="003000"/>
					</TextLine>
					<TextLine ID="P8_TL00251" HPOS="2298" VPOS="3280" WIDTH="426" HEIGHT="22">
						<String ID="P8_ST01339" HPOS="2298" VPOS="3280" WIDTH="47" HEIGHT="22" CONTENT="The" WC="1.00" CC="000"/>
						<SP ID="P8_SP01089" HPOS="2345" VPOS="3302" WIDTH="69"/>
						<String ID="P8_ST01340" HPOS="2414" VPOS="3280" WIDTH="110" HEIGHT="22" CONTENT="Colonels" WC="0.99" CC="00050009"/>
						<SP ID="P8_SP01090" HPOS="2524" VPOS="3302" WIDTH="69"/>
						<String ID="P8_ST01341" HPOS="2593" VPOS="3280" WIDTH="131" HEIGHT="22" CONTENT="dominated" WC="1.00" CC="040000000"/>
					</TextLine>
					<TextLine ID="P8_TL00252" HPOS="2256" VPOS="3318" WIDTH="468" HEIGHT="28">
						<String ID="P8_ST01342" HPOS="2256" VPOS="3318" WIDTH="121" HEIGHT="24" CONTENT="rebounds," WC="1.00" CC="000600000"/>
						<SP ID="P8_SP01091" HPOS="2377" VPOS="3342" WIDTH="10"/>
						<String ID="P8_ST01343" HPOS="2387" VPOS="3318" WIDTH="38" HEIGHT="22" CONTENT="but" WC="1.00" CC="000"/>
						<SP ID="P8_SP01092" HPOS="2425" VPOS="3342" WIDTH="11"/>
						<String ID="P8_ST01344" HPOS="2436" VPOS="3318" WIDTH="36" HEIGHT="22" CONTENT="the" WC="1.00" CC="000"/>
						<SP ID="P8_SP01093" HPOS="2472" VPOS="3342" WIDTH="10"/>
						<String ID="P8_ST01345" HPOS="2482" VPOS="3318" WIDTH="119" HEIGHT="28" CONTENT="Wolfpack" WC="0.78" CC="04430004"/>
						<SP ID="P8_SP01094" HPOS="2601" VPOS="3346" WIDTH="10"/>
						<String ID="P8_ST01346" HPOS="2611" VPOS="3318" WIDTH="51" HEIGHT="22" CONTENT="shot" WC="0.99" CC="4000"/>
						<SP ID="P8_SP01095" HPOS="2662" VPOS="3346" WIDTH="10"/>
						<String ID="P8_ST01347" HPOS="2672" VPOS="3318" WIDTH="52" HEIGHT="23" CONTENT="52.6" WC="1.00" CC="0000"/>
					</TextLine>
					<TextLine ID="P8_TL00253" HPOS="2256" VPOS="3355" WIDTH="468" HEIGHT="29">
						<String ID="P8_ST01348" HPOS="2256" VPOS="3359" WIDTH="98" HEIGHT="25" CONTENT="percent," WC="1.00" CC="00001400"/>
						<SP ID="P8_SP01096" HPOS="2354" VPOS="3384" WIDTH="22"/>
						<String ID="P8_ST01349" HPOS="2376" VPOS="3355" WIDTH="68" HEIGHT="23" CONTENT="while" WC="0.99" CC="40000"/>
						<SP ID="P8_SP01097" HPOS="2444" VPOS="3384" WIDTH="22"/>
						<String ID="P8_ST01350" HPOS="2466" VPOS="3356" WIDTH="104" HEIGHT="22" CONTENT="Nicholls" WC="1.00" CC="00000000"/>
						<SP ID="P8_SP01098" HPOS="2570" VPOS="3384" WIDTH="22"/>
						<String ID="P8_ST01351" HPOS="2592" VPOS="3355" WIDTH="60" HEIGHT="23" CONTENT="State" WC="1.00" CC="00000"/>
						<SP ID="P8_SP01099" HPOS="2652" VPOS="3384" WIDTH="22"/>
						<String ID="P8_ST01352" HPOS="2674" VPOS="3356" WIDTH="50" HEIGHT="22" CONTENT="shot" WC="0.99" CC="4010"/>
					</TextLine>
					<TextLine ID="P8_TL00254" HPOS="2255" VPOS="3393" WIDTH="161" HEIGHT="28">
						<String ID="P8_ST01353" HPOS="2255" VPOS="3393" WIDTH="54" HEIGHT="22" CONTENT="46.7" WC="1.00" CC="0000"/>
						<SP ID="P8_SP01100" HPOS="2309" VPOS="3415" WIDTH="10"/>
						<String ID="P8_ST01354" HPOS="2319" VPOS="3396" WIDTH="97" HEIGHT="25" CONTENT="percent." WC="1.00" CC="00000000"/>
					</TextLine>
				</TextBlock>
				<TextBlock ID="P8_TB00021" HPOS="839" VPOS="3472" WIDTH="388" HEIGHT="66" STYLEREFS="TXT_0 PAR_LEFT">
					<TextLine ID="P8_TL00255" HPOS="839" VPOS="3473" WIDTH="388" HEIGHT="65">
						<String ID="P8_ST01355" HPOS="839" VPOS="3473" WIDTH="135" HEIGHT="65" CONTENT="Track" WC="0.99" CC="00106"/>
						<SP ID="P8_SP01101" HPOS="974" VPOS="3538" WIDTH="17"/>
						<String ID="P8_ST01356" HPOS="991" VPOS="3473" WIDTH="81" HEIGHT="65" CONTENT="the" WC="0.99" CC="010"/>
						<SP ID="P8_SP01102" HPOS="1072" VPOS="3538" WIDTH="22"/>
						<String ID="P8_ST01357" HPOS="1094" VPOS="3473" WIDTH="133" HEIGHT="65" CONTENT="'Pack" WC="0.99" CC="32200"/>
					</TextLine>
				</TextBlock>
				<TextBlock ID="P8_TB00022" HPOS="721" VPOS="3556" WIDTH="585" HEIGHT="549" STYLEREFS="TXT_0 PAR_LEFT">
					<TextLine ID="P8_TL00256" HPOS="917" VPOS="3557" WIDTH="213" HEIGHT="21">
						<String ID="P8_ST01358" HPOS="917" VPOS="3557" WIDTH="70" HEIGHT="21" CONTENT="Men's" WC="0.99" CC="14020"/>
						<SP ID="P8_SP01103" HPOS="987" VPOS="3578" WIDTH="11"/>
						<String ID="P8_ST01359" HPOS="998" VPOS="3557" WIDTH="132" HEIGHT="21" CONTENT="Basketball" WC="0.99" CC="0059400530"/>
					</TextLine>
					<TextLine ID="P8_TL00257" HPOS="723" VPOS="3608" WIDTH="583" HEIGHT="26">
						<String ID="P8_ST01360" HPOS="723" VPOS="3608" WIDTH="64" HEIGHT="26" CONTENT="12/12" WC="0.74" CC="00650"/>
						<SP ID="P8_SP01104" HPOS="787" VPOS="3634" WIDTH="55"/>
						<String ID="P8_ST01361" HPOS="842" VPOS="3610" WIDTH="63" HEIGHT="20" CONTENT="Pearl" WC="0.98" CC="41500"/>
						<SP ID="P8_SP01105" HPOS="905" VPOS="3634" WIDTH="12"/>
						<String ID="P8_ST01362" HPOS="917" VPOS="3609" WIDTH="66" HEIGHT="21" CONTENT="River" WC="0.98" CC="05044"/>
						<SP ID="P8_SP01106" HPOS="983" VPOS="3634" WIDTH="253"/>
						<String ID="P8_ST01363" HPOS="1236" VPOS="3608" WIDTH="15" HEIGHT="22" CONTENT="5" WC="1.00" CC="0"/>
						<SP ID="P8_SP01107" HPOS="1251" VPOS="3634" WIDTH="11"/>
						<String ID="P8_ST01364" HPOS="1262" VPOS="3613" WIDTH="44" HEIGHT="21" CONTENT="p.m." WC="0.99" CC="0023"/>
					</TextLine>
					<TextLine ID="P8_TL00258" HPOS="723" VPOS="3661" WIDTH="583" HEIGHT="26">
						<String ID="P8_ST01365" HPOS="723" VPOS="3661" WIDTH="65" HEIGHT="24" CONTENT="12/19" WC="0.62" CC="06533"/>
						<SP ID="P8_SP01108" HPOS="788" VPOS="3685" WIDTH="52"/>
						<String ID="P8_ST01366" HPOS="840" VPOS="3663" WIDTH="24" HEIGHT="21" CONTENT="at" WC="0.71" CC="50"/>
						<SP ID="P8_SP01109" HPOS="864" VPOS="3685" WIDTH="11"/>
						<String ID="P8_ST01367" HPOS="875" VPOS="3663" WIDTH="65" HEIGHT="20" CONTENT="Delta" WC="0.98" CC="32106"/>
						<SP ID="P8_SP01110" HPOS="940" VPOS="3685" WIDTH="11"/>
						<String ID="P8_ST01368" HPOS="951" VPOS="3663" WIDTH="68" HEIGHT="20" CONTENT="State" WC="0.98" CC="00533"/>
						<SP ID="P8_SP01111" HPOS="1019" VPOS="3685" WIDTH="10"/>
						<String ID="P8_ST01369" HPOS="1029" VPOS="3662" WIDTH="130" HEIGHT="25" CONTENT="University" WC="0.99" CC="0255500402"/>
						<SP ID="P8_SP01112" HPOS="1159" VPOS="3687" WIDTH="75"/>
						<String ID="P8_ST01370" HPOS="1234" VPOS="3661" WIDTH="15" HEIGHT="20" CONTENT="7" WC="1.00" CC="0"/>
						<SP ID="P8_SP01113" HPOS="1249" VPOS="3687" WIDTH="11"/>
						<String ID="P8_ST01371" HPOS="1260" VPOS="3666" WIDTH="46" HEIGHT="20" CONTENT="p.m." WC="0.99" CC="2000"/>
					</TextLine>
					<TextLine ID="P8_TL00259" HPOS="723" VPOS="3713" WIDTH="583" HEIGHT="27">
						<String ID="P8_ST01372" HPOS="723" VPOS="3713" WIDTH="72" HEIGHT="25" CONTENT="12/30" WC="0.88" CC="00004"/>
						<SP ID="P8_SP01114" HPOS="795" VPOS="3738" WIDTH="45"/>
						<String ID="P8_ST01373" HPOS="840" VPOS="3715" WIDTH="119" HEIGHT="25" CONTENT="Talladega" WC="0.99" CC="300042130"/>
						<SP ID="P8_SP01115" HPOS="959" VPOS="3740" WIDTH="11"/>
						<String ID="P8_ST01374" HPOS="970" VPOS="3715" WIDTH="93" HEIGHT="25" CONTENT="College" WC="0.99" CC="0030150"/>
						<SP ID="P8_SP01116" HPOS="1063" VPOS="3740" WIDTH="171"/>
						<String ID="P8_ST01375" HPOS="1234" VPOS="3713" WIDTH="15" HEIGHT="22" CONTENT="7" WC="1.00" CC="0"/>
						<SP ID="P8_SP01117" HPOS="1249" VPOS="3740" WIDTH="11"/>
						<String ID="P8_ST01376" HPOS="1260" VPOS="3718" WIDTH="46" HEIGHT="21" CONTENT="p.m." WC="0.98" CC="0070"/>
					</TextLine>
					<TextLine ID="P8_TL00260" HPOS="737" VPOS="3766" WIDTH="569" HEIGHT="27">
						<String ID="P8_ST01377" HPOS="737" VPOS="3766" WIDTH="37" HEIGHT="24" CONTENT="1/3" WC="0.88" CC="300"/>
						<SP ID="P8_SP01118" HPOS="774" VPOS="3790" WIDTH="67"/>
						<String ID="P8_ST01378" HPOS="841" VPOS="3767" WIDTH="128" HEIGHT="26" CONTENT="University" WC="0.99" CC="0501623604"/>
						<SP ID="P8_SP01119" HPOS="969" VPOS="3793" WIDTH="11"/>
						<String ID="P8_ST01379" HPOS="980" VPOS="3767" WIDTH="23" HEIGHT="21" CONTENT="of" WC="0.66" CC="51"/>
						<SP ID="P8_SP01120" HPOS="1003" VPOS="3793" WIDTH="10"/>
						<String ID="P8_ST01380" HPOS="1013" VPOS="3767" WIDTH="33" HEIGHT="21" CONTENT="St." WC="0.99" CC="010"/>
						<SP ID="P8_SP01121" HPOS="1046" VPOS="3793" WIDTH="10"/>
						<String ID="P8_ST01381" HPOS="1056" VPOS="3767" WIDTH="101" HEIGHT="20" CONTENT="Thomas" WC="0.97" CC="465804"/>
						<SP ID="P8_SP01122" HPOS="1157" VPOS="3793" WIDTH="77"/>
						<String ID="P8_ST01382" HPOS="1234" VPOS="3766" WIDTH="16" HEIGHT="21" CONTENT="3" WC="0.99" CC="0"/>
						<SP ID="P8_SP01123" HPOS="1250" VPOS="3793" WIDTH="10"/>
						<String ID="P8_ST01383" HPOS="1260" VPOS="3771" WIDTH="46" HEIGHT="20" CONTENT="p.m." WC="0.99" CC="2000"/>
					</TextLine>
					<TextLine ID="P8_TL00261" HPOS="895" VPOS="3871" WIDTH="253" HEIGHT="22">
						<String ID="P8_ST01384" HPOS="895" VPOS="3872" WIDTH="111" HEIGHT="21" CONTENT="Women's" WC="0.99" CC="3104600"/>
						<SP ID="P8_SP01124" HPOS="1006" VPOS="3893" WIDTH="11"/>
						<String ID="P8_ST01385" HPOS="1017" VPOS="3871" WIDTH="131" HEIGHT="22" CONTENT="Basketball" WC="0.99" CC="3469204030"/>
					</TextLine>
					<TextLine ID="P8_TL00262" HPOS="722" VPOS="3923" WIDTH="584" HEIGHT="27">
						<String ID="P8_ST01386" HPOS="722" VPOS="3923" WIDTH="65" HEIGHT="24" CONTENT="12/19" WC="0.64" CC="04066"/>
						<SP ID="P8_SP01125" HPOS="787" VPOS="3947" WIDTH="53"/>
						<String ID="P8_ST01387" HPOS="840" VPOS="3924" WIDTH="116" HEIGHT="21" CONTENT="Southern" WC="0.99" CC="20462004"/>
						<SP ID="P8_SP01126" HPOS="956" VPOS="3947" WIDTH="12"/>
						<String ID="P8_ST01388" HPOS="968" VPOS="3923" WIDTH="148" HEIGHT="27" CONTENT="Polytechnic" WC="0.99" CC="03030347661"/>
						<SP ID="P8_SP01127" HPOS="1116" VPOS="3950" WIDTH="118"/>
						<String ID="P8_ST01389" HPOS="1234" VPOS="3923" WIDTH="14" HEIGHT="21" CONTENT="2" WC="1.00" CC="0"/>
						<SP ID="P8_SP01128" HPOS="1248" VPOS="3950" WIDTH="12"/>
						<String ID="P8_ST01390" HPOS="1260" VPOS="3928" WIDTH="46" HEIGHT="20" CONTENT="p.m." WC="1.00" CC="0002"/>
					</TextLine>
					<TextLine ID="P8_TL00263" HPOS="722" VPOS="3975" WIDTH="584" HEIGHT="27">
						<String ID="P8_ST01391" HPOS="722" VPOS="3975" WIDTH="71" HEIGHT="25" CONTENT="12/29" WC="0.94" CC="02000"/>
						<SP ID="P8_SP01129" HPOS="793" VPOS="4000" WIDTH="47"/>
						<String ID="P8_ST01392" HPOS="840" VPOS="3977" WIDTH="129" HEIGHT="25" CONTENT="University" WC="0.99" CC="3003460503"/>
						<SP ID="P8_SP01130" HPOS="969" VPOS="4002" WIDTH="10"/>
						<String ID="P8_ST01393" HPOS="979" VPOS="3976" WIDTH="23" HEIGHT="21" CONTENT="of" WC="0.67" CC="60"/>
						<SP ID="P8_SP01131" HPOS="1002" VPOS="4002" WIDTH="11"/>
						<String ID="P8_ST01394" HPOS="1013" VPOS="3977" WIDTH="79" HEIGHT="20" CONTENT="Texas-" WC="0.99" CC="000430"/>
						<SP ID="P8_SP01132" HPOS="1092" VPOS="4002" WIDTH="10"/>
						<String ID="P8_ST01395" HPOS="1102" VPOS="3976" WIDTH="62" HEIGHT="25" CONTENT="Tyler" WC="0.98" CC="20064"/>
						<SP ID="P8_SP01133" HPOS="1164" VPOS="4002" WIDTH="70"/>
						<String ID="P8_ST01396" HPOS="1234" VPOS="3976" WIDTH="15" HEIGHT="20" CONTENT="3" WC="1.00" CC="0"/>
						<SP ID="P8_SP01134" HPOS="1249" VPOS="4002" WIDTH="10"/>
						<String ID="P8_ST01397" HPOS="1259" VPOS="3980" WIDTH="47" HEIGHT="20" CONTENT="p.m." WC="0.99" CC="0050"/>
					</TextLine>
					<TextLine ID="P8_TL00264" HPOS="737" VPOS="4028" WIDTH="566" HEIGHT="26">
						<String ID="P8_ST01398" HPOS="737" VPOS="4028" WIDTH="36" HEIGHT="24" CONTENT="1/2" WC="0.93" CC="100"/>
						<SP ID="P8_SP01135" HPOS="773" VPOS="4052" WIDTH="66"/>
						<String ID="P8_ST01399" HPOS="839" VPOS="4028" WIDTH="184" HEIGHT="26" CONTENT="Campbellsville" WC="0.71" CC="00008412095404"/>
						<SP ID="P8_SP01136" HPOS="1023" VPOS="4054" WIDTH="11"/>
						<String ID="P8_ST01400" HPOS="1034" VPOS="4028" WIDTH="129" HEIGHT="26" CONTENT="University" WC="0.99" CC="0668000004"/>
						<SP ID="P8_SP01137" HPOS="1163" VPOS="4054" WIDTH="70"/>
						<String ID="P8_ST01401" HPOS="1233" VPOS="4028" WIDTH="7" HEIGHT="20" CONTENT="1" WC="1.00" CC="0"/>
						<SP ID="P8_SP01138" HPOS="1240" VPOS="4054" WIDTH="11"/>
						<String ID="P8_ST01402" HPOS="1251" VPOS="4033" WIDTH="52" HEIGHT="20" CONTENT="p.m." WC="1.00" CC="0000"/>
					</TextLine>
					<TextLine ID="P8_TL00265" HPOS="737" VPOS="4079" WIDTH="566" HEIGHT="26">
						<String ID="P8_ST01403" HPOS="737" VPOS="4079" WIDTH="36" HEIGHT="26" CONTENT="1/3" WC="1.00" CC="000"/>
						<SP ID="P8_SP01139" HPOS="773" VPOS="4105" WIDTH="67"/>
						<String ID="P8_ST01404" HPOS="840" VPOS="4081" WIDTH="96" HEIGHT="24" CONTENT="Lindsey" WC="0.57" CC="0439452"/>
						<SP ID="P8_SP01140" HPOS="936" VPOS="4105" WIDTH="11"/>
						<String ID="P8_ST01405" HPOS="947" VPOS="4081" WIDTH="82" HEIGHT="20" CONTENT="Wilson" WC="0.98" CC="924310"/>
						<SP ID="P8_SP01141" HPOS="1029" VPOS="4105" WIDTH="11"/>
						<String ID="P8_ST01406" HPOS="1040" VPOS="4081" WIDTH="93" HEIGHT="24" CONTENT="College" WC="0.99" CC="0050904"/>
						<SP ID="P8_SP01142" HPOS="1133" VPOS="4105" WIDTH="100"/>
						<String ID="P8_ST01407" HPOS="1233" VPOS="4081" WIDTH="6" HEIGHT="19" CONTENT="1" WC="1.00" CC="0"/>
						<SP ID="P8_SP01143" HPOS="1239" VPOS="4105" WIDTH="12"/>
						<String ID="P8_ST01408" HPOS="1251" VPOS="4085" WIDTH="52" HEIGHT="20" CONTENT="p.m." WC="0.99" CC="0030"/>
					</TextLine>
				</TextBlock>
				<TextBlock ID="P8_TB00023" HPOS="1491" VPOS="3470" WIDTH="460" HEIGHT="66" STYLEREFS="TXT_0 PAR_RIGHT">
					<TextLine ID="P8_TL00266" HPOS="1491" VPOS="3470" WIDTH="460" HEIGHT="66">
						<String ID="P8_ST01409" HPOS="1491" VPOS="3470" WIDTH="175" HEIGHT="66" CONTENT="Leaders" WC="0.99" CC="0306142"/>
						<SP ID="P8_SP01144" HPOS="1666" VPOS="3536" WIDTH="14"/>
						<String ID="P8_ST01410" HPOS="1680" VPOS="3470" WIDTH="47" HEIGHT="66" CONTENT="of" WC="0.50" CC="63"/>
						<SP ID="P8_SP01145" HPOS="1727" VPOS="3536" WIDTH="10"/>
						<String ID="P8_ST01411" HPOS="1737" VPOS="3470" WIDTH="116" HEIGHT="66" CONTENT="the'" WC="0.98" CC="4200"/>
						<SP ID="P8_SP01146" HPOS="1853" VPOS="3536" WIDTH="0"/>
						<String ID="P8_ST01412" HPOS="1853" VPOS="3472" WIDTH="98" HEIGHT="64" CONTENT="Pack" WC="0.99" CC="0000"/>
					</TextLine>
				</TextBlock>
				<TextBlock ID="P8_TB00024" HPOS="1397" VPOS="3581" WIDTH="629" HEIGHT="533" STYLEREFS="TXT_0 PAR_LEFT">
					<TextLine ID="P8_TL00267" HPOS="1460" VPOS="3581" WIDTH="557" HEIGHT="30">
						<String ID="P8_ST01413" HPOS="1460" VPOS="3582" WIDTH="140" HEIGHT="25" CONTENT="Madeline" WC="0.99" CC="32310012"/>
						<SP ID="P8_SP01147" HPOS="1600" VPOS="3607" WIDTH="15"/>
						<String ID="P8_ST01414" HPOS="1615" VPOS="3582" WIDTH="165" HEIGHT="29" CONTENT="Gaqneaux," WC="0.89" CC="007020000"/>
						<SP ID="P8_SP01148" HPOS="1780" VPOS="3611" WIDTH="15"/>
						<String ID="P8_ST01415" HPOS="1795" VPOS="3582" WIDTH="113" HEIGHT="29" CONTENT="biology" WC="0.99" CC="0301083"/>
						<SP ID="P8_SP01149" HPOS="1908" VPOS="3611" WIDTH="15"/>
						<String ID="P8_ST01416" HPOS="1923" VPOS="3581" WIDTH="79" HEIGHT="25" CONTENT="fresh" SUBS_TYPE="HypPart1" SUBS_CONTENT="freshman," WC="0.99" CC="20004"/>
						<HYP HPOS="2002" VPOS="3581" WIDTH="15" CONTENT="-"/>
					</TextLine>
					<TextLine ID="P8_TL00268" HPOS="1400" VPOS="3624" WIDTH="558" HEIGHT="29">
						<String ID="P8_ST01417" HPOS="1400" VPOS="3630" WIDTH="73" HEIGHT="22" CONTENT="man," SUBS_TYPE="HypPart2" SUBS_CONTENT="freshman," WC="0.98" CC="4030"/>
						<SP ID="P8_SP01150" HPOS="1473" VPOS="3652" WIDTH="15"/>
						<String ID="P8_ST01418" HPOS="1488" VPOS="3624" WIDTH="44" HEIGHT="24" CONTENT="led" WC="1.00" CC="000"/>
						<SP ID="P8_SP01151" HPOS="1532" VPOS="3652" WIDTH="14"/>
						<String ID="P8_ST01419" HPOS="1546" VPOS="3624" WIDTH="49" HEIGHT="24" CONTENT="the" WC="0.98" CC="103"/>
						<SP ID="P8_SP01152" HPOS="1595" VPOS="3652" WIDTH="15"/>
						<String ID="P8_ST01420" HPOS="1610" VPOS="3624" WIDTH="74" HEIGHT="29" CONTENT="Lady" WC="0.99" CC="6000"/>
						<SP ID="P8_SP01153" HPOS="1684" VPOS="3653" WIDTH="14"/>
						<String ID="P8_ST01421" HPOS="1698" VPOS="3624" WIDTH="139" HEIGHT="28" CONTENT="Wolfpack" WC="0.76" CC="03340006"/>
						<SP ID="P8_SP01154" HPOS="1837" VPOS="3653" WIDTH="15"/>
						<String ID="P8_ST01422" HPOS="1852" VPOS="3624" WIDTH="64" HEIGHT="23" CONTENT="with" WC="0.99" CC="0050"/>
						<SP ID="P8_SP01155" HPOS="1916" VPOS="3653" WIDTH="14"/>
						<String ID="P8_ST01423" HPOS="1930" VPOS="3624" WIDTH="28" HEIGHT="23" CONTENT="13" WC="0.64" CC="51"/>
					</TextLine>
					<TextLine ID="P8_TL00269" HPOS="1400" VPOS="3666" WIDTH="503" HEIGHT="30">
						<String ID="P8_ST01424" HPOS="1400" VPOS="3667" WIDTH="94" HEIGHT="29" CONTENT="points" WC="0.99" CC="060400"/>
						<SP ID="P8_SP01156" HPOS="1494" VPOS="3696" WIDTH="15"/>
						<String ID="P8_ST01425" HPOS="1509" VPOS="3666" WIDTH="114" HEIGHT="30" CONTENT="against" WC="0.99" CC="3340000"/>
						<SP ID="P8_SP01157" HPOS="1623" VPOS="3696" WIDTH="15"/>
						<String ID="P8_ST01426" HPOS="1638" VPOS="3666" WIDTH="265" HEIGHT="24" CONTENT="Concordia-Selma" WC="0.93" CC="000100000200230"/>
					</TextLine>
					<TextLine ID="P8_TL00270" HPOS="1459" VPOS="3750" WIDTH="498" HEIGHT="30">
						<String ID="P8_ST01427" HPOS="1459" VPOS="3751" WIDTH="78" HEIGHT="29" CONTENT="Ryan" WC="0.99" CC="3100"/>
						<SP ID="P8_SP01158" HPOS="1537" VPOS="3780" WIDTH="15"/>
						<String ID="P8_ST01428" HPOS="1552" VPOS="3750" WIDTH="101" HEIGHT="27" CONTENT="Brock," WC="0.99" CC="200065"/>
						<SP ID="P8_SP01159" HPOS="1653" VPOS="3780" WIDTH="15"/>
						<String ID="P8_ST01429" HPOS="1668" VPOS="3750" WIDTH="139" HEIGHT="24" CONTENT="business" WC="1.00" CC="01000000"/>
						<SP ID="P8_SP01160" HPOS="1807" VPOS="3780" WIDTH="15"/>
						<String ID="P8_ST01430" HPOS="1822" VPOS="3755" WIDTH="116" HEIGHT="24" CONTENT="manage" SUBS_TYPE="HypPart1" SUBS_CONTENT="management" WC="0.99" CC="200060"/>
						<HYP HPOS="1938" VPOS="3755" WIDTH="19" CONTENT="-"/>
					</TextLine>
					<TextLine ID="P8_TL00271" HPOS="1399" VPOS="3791" WIDTH="625" HEIGHT="31">
						<String ID="P8_ST01431" HPOS="1399" VPOS="3793" WIDTH="78" HEIGHT="24" CONTENT="ment" SUBS_TYPE="HypPart2" SUBS_CONTENT="management" WC="0.99" CC="1004"/>
						<SP ID="P8_SP01161" HPOS="1477" VPOS="3817" WIDTH="13"/>
						<String ID="P8_ST01432" HPOS="1490" VPOS="3792" WIDTH="99" HEIGHT="30" CONTENT="junior," WC="1.00" CC="6000000"/>
						<SP ID="P8_SP01162" HPOS="1589" VPOS="3822" WIDTH="15"/>
						<String ID="P8_ST01433" HPOS="1604" VPOS="3792" WIDTH="54" HEIGHT="24" CONTENT="and" WC="1.00" CC="000"/>
						<SP ID="P8_SP01163" HPOS="1658" VPOS="3822" WIDTH="16"/>
						<String ID="P8_ST01434" HPOS="1674" VPOS="3792" WIDTH="90" HEIGHT="28" CONTENT="Corey" WC="1.00" CC="00000"/>
						<SP ID="P8_SP01164" HPOS="1764" VPOS="3822" WIDTH="14"/>
						<String ID="P8_ST01435" HPOS="1778" VPOS="3792" WIDTH="80" HEIGHT="28" CONTENT="Gray," WC="1.00" CC="10000"/>
						<SP ID="P8_SP01165" HPOS="1858" VPOS="3822" WIDTH="15"/>
						<String ID="P8_ST01436" HPOS="1873" VPOS="3791" WIDTH="151" HEIGHT="30" CONTENT="biological" WC="1.00" CC="0300101070"/>
					</TextLine>
					<TextLine ID="P8_TL00272" HPOS="1399" VPOS="3834" WIDTH="608" HEIGHT="28">
						<String ID="P8_ST01437" HPOS="1399" VPOS="3835" WIDTH="135" HEIGHT="24" CONTENT="sciences" WC="1.00" CC="00030000"/>
						<SP ID="P8_SP01166" HPOS="1534" VPOS="3859" WIDTH="16"/>
						<String ID="P8_ST01438" HPOS="1550" VPOS="3834" WIDTH="182" HEIGHT="28" CONTENT="sophomore," WC="1.00" CC="0160000400"/>
						<SP ID="P8_SP01167" HPOS="1732" VPOS="3862" WIDTH="15"/>
						<String ID="P8_ST01439" HPOS="1747" VPOS="3834" WIDTH="44" HEIGHT="23" CONTENT="led" WC="0.97" CC="150"/>
						<SP ID="P8_SP01168" HPOS="1791" VPOS="3862" WIDTH="16"/>
						<String ID="P8_ST01440" HPOS="1807" VPOS="3834" WIDTH="99" HEIGHT="28" CONTENT="Loyola" WC="1.00" CC="021100"/>
						<SP ID="P8_SP01169" HPOS="1906" VPOS="3862" WIDTH="16"/>
						<String ID="P8_ST01441" HPOS="1922" VPOS="3834" WIDTH="85" HEIGHT="23" CONTENT="Men's" WC="0.98" CC="65020"/>
					</TextLine>
					<TextLine ID="P8_TL00273" HPOS="1399" VPOS="3875" WIDTH="577" HEIGHT="29">
						<String ID="P8_ST01442" HPOS="1399" VPOS="3877" WIDTH="161" HEIGHT="24" CONTENT="Basketball" WC="1.00" CC="1104600002"/>
						<SP ID="P8_SP01170" HPOS="1560" VPOS="3901" WIDTH="16"/>
						<String ID="P8_ST01443" HPOS="1576" VPOS="3876" WIDTH="64" HEIGHT="24" CONTENT="with" WC="0.98" CC="0105"/>
						<SP ID="P8_SP01171" HPOS="1640" VPOS="3901" WIDTH="14"/>
						<String ID="P8_ST01444" HPOS="1654" VPOS="3876" WIDTH="29" HEIGHT="23" CONTENT="12" WC="0.58" CC="61"/>
						<SP ID="P8_SP01172" HPOS="1683" VPOS="3901" WIDTH="17"/>
						<String ID="P8_ST01445" HPOS="1700" VPOS="3875" WIDTH="94" HEIGHT="29" CONTENT="points" WC="1.00" CC="000000"/>
						<SP ID="P8_SP01173" HPOS="1794" VPOS="3904" WIDTH="15"/>
						<String ID="P8_ST01446" HPOS="1809" VPOS="3875" WIDTH="113" HEIGHT="29" CONTENT="against" WC="1.00" CC="3010000"/>
						<SP ID="P8_SP01174" HPOS="1922" VPOS="3904" WIDTH="15"/>
						<String ID="P8_ST01447" HPOS="1937" VPOS="3876" WIDTH="39" HEIGHT="23" CONTENT="St." WC="1.00" CC="000"/>
					</TextLine>
					<TextLine ID="P8_TL00274" HPOS="1397" VPOS="3919" WIDTH="121" HEIGHT="23">
						<String ID="P8_ST01448" HPOS="1397" VPOS="3919" WIDTH="121" HEIGHT="23" CONTENT="Thomas" WC="0.98" CC="074400"/>
					</TextLine>
					<TextLine ID="P8_TL00275" HPOS="1458" VPOS="4001" WIDTH="568" HEIGHT="30">
						<String ID="P8_ST01449" HPOS="1458" VPOS="4002" WIDTH="88" HEIGHT="24" CONTENT="Kristi" WC="0.99" CC="000000"/>
						<SP ID="P8_SP01175" HPOS="1546" VPOS="4026" WIDTH="17"/>
						<String ID="P8_ST01450" HPOS="1563" VPOS="4002" WIDTH="114" HEIGHT="29" CONTENT="Hadley," WC="1.00" CC="0000000"/>
						<SP ID="P8_SP01176" HPOS="1677" VPOS="4031" WIDTH="16"/>
						<String ID="P8_ST01451" HPOS="1693" VPOS="4001" WIDTH="149" HEIGHT="30" CONTENT="sociology" WC="1.00" CC="000100070"/>
						<SP ID="P8_SP01177" HPOS="1842" VPOS="4031" WIDTH="13"/>
						<String ID="P8_ST01452" HPOS="1855" VPOS="4001" WIDTH="102" HEIGHT="29" CONTENT="junior," WC="1.00" CC="6000000"/>
						<SP ID="P8_SP01178" HPOS="1957" VPOS="4031" WIDTH="15"/>
						<String ID="P8_ST01453" HPOS="1972" VPOS="4007" WIDTH="54" HEIGHT="18" CONTENT="was" WC="0.96" CC="082"/>
					</TextLine>
					<TextLine ID="P8_TL00276" HPOS="1397" VPOS="4044" WIDTH="573" HEIGHT="24">
						<String ID="P8_ST01454" HPOS="1397" VPOS="4044" WIDTH="91" HEIGHT="24" CONTENT="added" WC="0.99" CC="08010"/>
						<SP ID="P8_SP01179" HPOS="1488" VPOS="4068" WIDTH="16"/>
						<String ID="P8_ST01455" HPOS="1504" VPOS="4044" WIDTH="28" HEIGHT="23" CONTENT="to" WC="0.94" CC="01"/>
						<SP ID="P8_SP01180" HPOS="1532" VPOS="4068" WIDTH="14"/>
						<String ID="P8_ST01456" HPOS="1546" VPOS="4044" WIDTH="50" HEIGHT="23" CONTENT="the" WC="0.97" CC="212"/>
						<SP ID="P8_SP01181" HPOS="1596" VPOS="4068" WIDTH="14"/>
						<String ID="P8_ST01457" HPOS="1610" VPOS="4044" WIDTH="83" HEIGHT="23" CONTENT="2009" WC="0.85" CC="1004"/>
						<SP ID="P8_SP01182" HPOS="1693" VPOS="4068" WIDTH="16"/>
						<String ID="P8_ST01458" HPOS="1709" VPOS="4044" WIDTH="261" HEIGHT="23" CONTENT="Daktronics-NAIA" WC="0.89" CC="005000400001020"/>
					</TextLine>
					<TextLine ID="P8_TL00277" HPOS="1397" VPOS="4086" WIDTH="473" HEIGHT="28">
						<String ID="P8_ST01459" HPOS="1397" VPOS="4086" WIDTH="151" HEIGHT="28" CONTENT="Volleyball" WC="1.00" CC="0400033000"/>
						<SP ID="P8_SP01183" HPOS="1548" VPOS="4114" WIDTH="16"/>
						<String ID="P8_ST01460" HPOS="1564" VPOS="4086" WIDTH="245" HEIGHT="23" CONTENT="Scholar-Athlete" WC="1.00" CC="100130000003000"/>
						<SP ID="P8_SP01184" HPOS="1809" VPOS="4114" WIDTH="16"/>
						<String ID="P8_ST01461" HPOS="1825" VPOS="4086" WIDTH="45" HEIGHT="24" CONTENT="list" WC="0.99" CC="4000"/>
					</TextLine>
				</TextBlock>
				<TextBlock ID="P8_TB00025" HPOS="2224" VPOS="3473" WIDTH="353" HEIGHT="80" STYLEREFS="TXT_0 PAR_RIGHT">
					<TextLine ID="P8_TL00278" HPOS="2224" VPOS="3474" WIDTH="353" HEIGHT="79">
						<String ID="P8_ST01462" HPOS="2224" VPOS="3474" WIDTH="133" HEIGHT="64" CONTENT="'Pack" WC="1.00" CC="00000"/>
						<SP ID="P8_SP01185" HPOS="2357" VPOS="3538" WIDTH="20"/>
						<String ID="P8_ST01463" HPOS="2377" VPOS="3474" WIDTH="200" HEIGHT="79" CONTENT="Updates" WC="0.99" CC="0092321"/>
					</TextLine>
				</TextBlock>
				<TextBlock ID="P8_TB00026" HPOS="2077" VPOS="3582" WIDTH="626" HEIGHT="536" STYLEREFS="TXT_0 PAR_BLOCK">
					<TextLine ID="P8_TL00279" HPOS="2079" VPOS="3583" WIDTH="624" HEIGHT="40">
						<String ID="P8_ST01464" HPOS="2079" VPOS="3583" WIDTH="69" HEIGHT="31" CONTENT="The" WC="0.99" CC="101"/>
						<SP ID="P8_SP01186" HPOS="2148" VPOS="3614" WIDTH="13"/>
						<String ID="P8_ST01465" HPOS="2161" VPOS="3584" WIDTH="98" HEIGHT="31" CONTENT="track" WC="1.00" CC="00001"/>
						<SP ID="P8_SP01187" HPOS="2259" VPOS="3615" WIDTH="15"/>
						<String ID="P8_ST01466" HPOS="2274" VPOS="3584" WIDTH="66" HEIGHT="32" CONTENT="and" WC="1.00" CC="000"/>
						<SP ID="P8_SP01188" HPOS="2340" VPOS="3616" WIDTH="16"/>
						<String ID="P8_ST01467" HPOS="2356" VPOS="3584" WIDTH="230" HEIGHT="39" CONTENT="surrounding" WC="1.00" CC="00000000304"/>
						<SP ID="P8_SP01189" HPOS="2586" VPOS="3623" WIDTH="16"/>
						<String ID="P8_ST01468" HPOS="2602" VPOS="3592" WIDTH="101" HEIGHT="24" CONTENT="areas" WC="1.00" CC="00000"/>
					</TextLine>
					<TextLine ID="P8_TL00280" HPOS="2080" VPOS="3633" WIDTH="582" HEIGHT="34">
						<String ID="P8_ST01469" HPOS="2080" VPOS="3633" WIDTH="30" HEIGHT="31" CONTENT="in" WC="1.00" CC="00"/>
						<SP ID="P8_SP01190" HPOS="2110" VPOS="3664" WIDTH="15"/>
						<String ID="P8_ST01470" HPOS="2125" VPOS="3634" WIDTH="61" HEIGHT="31" CONTENT="the" WC="0.99" CC="020"/>
						<SP ID="P8_SP01191" HPOS="2186" VPOS="3665" WIDTH="15"/>
						<String ID="P8_ST01471" HPOS="2201" VPOS="3634" WIDTH="131" HEIGHT="32" CONTENT="second" WC="1.00" CC="000000"/>
						<SP ID="P8_SP01192" HPOS="2332" VPOS="3666" WIDTH="16"/>
						<String ID="P8_ST01472" HPOS="2348" VPOS="3634" WIDTH="89" HEIGHT="32" CONTENT="floor" WC="1.00" CC="00000"/>
						<SP ID="P8_SP01193" HPOS="2437" VPOS="3666" WIDTH="15"/>
						<String ID="P8_ST01473" HPOS="2452" VPOS="3634" WIDTH="35" HEIGHT="32" CONTENT="of" WC="0.84" CC="03"/>
						<SP ID="P8_SP01194" HPOS="2487" VPOS="3666" WIDTH="14"/>
						<String ID="P8_ST01474" HPOS="2501" VPOS="3634" WIDTH="61" HEIGHT="33" CONTENT="the" WC="1.00" CC="000"/>
						<SP ID="P8_SP01195" HPOS="2562" VPOS="3667" WIDTH="17"/>
						<String ID="P8_ST01475" HPOS="2579" VPOS="3635" WIDTH="63" HEIGHT="31" CONTENT="Rec" SUBS_TYPE="HypPart1" SUBS_CONTENT="Recreational" WC="0.99" CC="000"/>
						<HYP HPOS="2642" VPOS="3635" WIDTH="20" CONTENT="-"/>
					</TextLine>
					<TextLine ID="P8_TL00281" HPOS="2080" VPOS="3683" WIDTH="615" HEIGHT="40">
						<String ID="P8_ST01476" HPOS="2080" VPOS="3683" WIDTH="167" HEIGHT="33" CONTENT="reational" SUBS_TYPE="HypPart2" SUBS_CONTENT="Recreational" WC="1.00" CC="000000004"/>
						<SP ID="P8_SP01196" HPOS="2247" VPOS="3716" WIDTH="16"/>
						<String ID="P8_ST01477" HPOS="2263" VPOS="3685" WIDTH="162" HEIGHT="38" CONTENT="Complex" WC="1.00" CC="0030100"/>
						<SP ID="P8_SP01197" HPOS="2425" VPOS="3723" WIDTH="15"/>
						<String ID="P8_ST01478" HPOS="2440" VPOS="3685" WIDTH="61" HEIGHT="31" CONTENT="will" WC="1.00" CC="0002"/>
						<SP ID="P8_SP01198" HPOS="2501" VPOS="3723" WIDTH="16"/>
						<String ID="P8_ST01479" HPOS="2517" VPOS="3685" WIDTH="43" HEIGHT="31" CONTENT="be" WC="1.00" CC="00"/>
						<SP ID="P8_SP01199" HPOS="2560" VPOS="3723" WIDTH="15"/>
						<String ID="P8_ST01480" HPOS="2575" VPOS="3685" WIDTH="120" HEIGHT="31" CONTENT="closed" WC="1.00" CC="000000"/>
					</TextLine>
					<TextLine ID="P8_TL00282" HPOS="2078" VPOS="3733" WIDTH="587" HEIGHT="33">
						<String ID="P8_ST01481" HPOS="2078" VPOS="3733" WIDTH="53" HEIGHT="32" CONTENT="for" WC="1.00" CC="000"/>
						<SP ID="P8_SP01200" HPOS="2131" VPOS="3765" WIDTH="16"/>
						<String ID="P8_ST01482" HPOS="2147" VPOS="3734" WIDTH="271" HEIGHT="32" CONTENT="refurbishment" WC="1.00" CC="0000000000000"/>
						<SP ID="P8_SP01201" HPOS="2418" VPOS="3766" WIDTH="17"/>
						<String ID="P8_ST01483" HPOS="2435" VPOS="3736" WIDTH="79" HEIGHT="30" CONTENT="Dec." WC="0.99" CC="0004"/>
						<SP ID="P8_SP01202" HPOS="2514" VPOS="3766" WIDTH="14"/>
						<String ID="P8_ST01484" HPOS="2528" VPOS="3736" WIDTH="40" HEIGHT="30" CONTENT="14" WC="0.57" CC="44"/>
						<SP ID="P8_SP01203" HPOS="2568" VPOS="3766" WIDTH="16"/>
						<String ID="P8_ST01485" HPOS="2584" VPOS="3735" WIDTH="81" HEIGHT="31" CONTENT="until" WC="0.99" CC="00016"/>
					</TextLine>
					<TextLine ID="P8_TL00283" HPOS="2080" VPOS="3784" WIDTH="617" HEIGHT="40">
						<String ID="P8_ST01486" HPOS="2080" VPOS="3784" WIDTH="80" HEIGHT="32" CONTENT="Dec." WC="0.99" CC="0003"/>
						<SP ID="P8_SP01204" HPOS="2160" VPOS="3816" WIDTH="13"/>
						<String ID="P8_ST01487" HPOS="2173" VPOS="3785" WIDTH="38" HEIGHT="31" CONTENT="16" WC="1.00" CC="00"/>
						<SP ID="P8_SP01205" HPOS="2211" VPOS="3816" WIDTH="16"/>
						<String ID="P8_ST01488" HPOS="2227" VPOS="3786" WIDTH="66" HEIGHT="30" CONTENT="and" WC="1.00" CC="000"/>
						<SP ID="P8_SP01206" HPOS="2293" VPOS="3816" WIDTH="16"/>
						<String ID="P8_ST01489" HPOS="2309" VPOS="3785" WIDTH="191" HEIGHT="32" CONTENT="scheduled" WC="1.00" CC="000000300"/>
						<SP ID="P8_SP01207" HPOS="2500" VPOS="3817" WIDTH="15"/>
						<String ID="P8_ST01490" HPOS="2515" VPOS="3786" WIDTH="38" HEIGHT="31" CONTENT="to" WC="1.00" CC="00"/>
						<SP ID="P8_SP01208" HPOS="2553" VPOS="3817" WIDTH="16"/>
						<String ID="P8_ST01491" HPOS="2569" VPOS="3794" WIDTH="128" HEIGHT="30" CONTENT="reopen" WC="1.00" CC="000030"/>
					</TextLine>
					<TextLine ID="P8_TL00284" HPOS="2080" VPOS="3835" WIDTH="135" HEIGHT="31">
						<String ID="P8_ST01492" HPOS="2080" VPOS="3835" WIDTH="79" HEIGHT="30" CONTENT="Dec." WC="0.99" CC="0004"/>
						<SP ID="P8_SP01209" HPOS="2159" VPOS="3865" WIDTH="14"/>
						<String ID="P8_ST01493" HPOS="2173" VPOS="3836" WIDTH="42" HEIGHT="30" CONTENT="17." WC="0.79" CC="203"/>
					</TextLine>
					<TextLine ID="P8_TL00285" HPOS="2078" VPOS="3935" WIDTH="578" HEIGHT="40">
						<String ID="P8_ST01494" HPOS="2078" VPOS="3935" WIDTH="68" HEIGHT="31" CONTENT="The" WC="0.99" CC="001"/>
						<SP ID="P8_SP01210" HPOS="2146" VPOS="3966" WIDTH="17"/>
						<String ID="P8_ST01495" HPOS="2163" VPOS="3936" WIDTH="240" HEIGHT="32" CONTENT="Recreational" WC="1.00" CC="000000000033"/>
						<SP ID="P8_SP01211" HPOS="2403" VPOS="3968" WIDTH="16"/>
						<String ID="P8_ST01496" HPOS="2419" VPOS="3937" WIDTH="161" HEIGHT="38" CONTENT="Complex" WC="1.00" CC="0000030"/>
						<SP ID="P8_SP01212" HPOS="2580" VPOS="3975" WIDTH="16"/>
						<String ID="P8_ST01497" HPOS="2596" VPOS="3937" WIDTH="60" HEIGHT="30" CONTENT="will" WC="0.99" CC="0400"/>
					</TextLine>
					<TextLine ID="P8_TL00286" HPOS="2078" VPOS="3986" WIDTH="582" HEIGHT="37">
						<String ID="P8_ST01498" HPOS="2078" VPOS="3986" WIDTH="75" HEIGHT="30" CONTENT="also" WC="1.00" CC="0000"/>
						<SP ID="P8_SP01213" HPOS="2153" VPOS="4016" WIDTH="16"/>
						<String ID="P8_ST01499" HPOS="2169" VPOS="3986" WIDTH="41" HEIGHT="31" CONTENT="be" WC="1.00" CC="00"/>
						<SP ID="P8_SP01214" HPOS="2210" VPOS="4017" WIDTH="16"/>
						<String ID="P8_ST01500" HPOS="2226" VPOS="3987" WIDTH="119" HEIGHT="31" CONTENT="closed" WC="1.00" CC="020000"/>
						<SP ID="P8_SP01215" HPOS="2345" VPOS="4018" WIDTH="18"/>
						<String ID="P8_ST01501" HPOS="2363" VPOS="3987" WIDTH="79" HEIGHT="32" CONTENT="Dec." WC="0.99" CC="0300"/>
						<SP ID="P8_SP01216" HPOS="2442" VPOS="4019" WIDTH="16"/>
						<String ID="P8_ST01502" HPOS="2458" VPOS="3987" WIDTH="56" HEIGHT="36" CONTENT="23," WC="0.88" CC="003"/>
						<SP ID="P8_SP01217" HPOS="2514" VPOS="4023" WIDTH="16"/>
						<String ID="P8_ST01503" HPOS="2530" VPOS="3987" WIDTH="57" HEIGHT="36" CONTENT="24," WC="0.86" CC="004"/>
						<SP ID="P8_SP01218" HPOS="2587" VPOS="4023" WIDTH="15"/>
						<String ID="P8_ST01504" HPOS="2602" VPOS="3987" WIDTH="58" HEIGHT="36" CONTENT="25," WC="0.97" CC="000"/>
					</TextLine>
					<TextLine ID="P8_TL00287" HPOS="2077" VPOS="4036" WIDTH="611" HEIGHT="36">
						<String ID="P8_ST01505" HPOS="2077" VPOS="4036" WIDTH="46" HEIGHT="36" CONTENT="31," WC="0.88" CC="003"/>
						<SP ID="P8_SP01219" HPOS="2123" VPOS="4072" WIDTH="16"/>
						<String ID="P8_ST01506" HPOS="2139" VPOS="4037" WIDTH="66" HEIGHT="31" CONTENT="and" WC="0.99" CC="200"/>
						<SP ID="P8_SP01220" HPOS="2205" VPOS="4072" WIDTH="15"/>
						<String ID="P8_ST01507" HPOS="2220" VPOS="4037" WIDTH="80" HEIGHT="31" CONTENT="Jan." WC="0.99" CC="0004"/>
						<SP ID="P8_SP01221" HPOS="2300" VPOS="4072" WIDTH="14"/>
						<String ID="P8_ST01508" HPOS="2314" VPOS="4038" WIDTH="10" HEIGHT="30" CONTENT="1" WC="1.00" CC="0"/>
						<SP ID="P8_SP01222" HPOS="2324" VPOS="4072" WIDTH="17"/>
						<String ID="P8_ST01509" HPOS="2341" VPOS="4037" WIDTH="67" HEIGHT="32" CONTENT="and" WC="1.00" CC="000"/>
						<SP ID="P8_SP01223" HPOS="2408" VPOS="4072" WIDTH="16"/>
						<String ID="P8_ST01510" HPOS="2424" VPOS="4045" WIDTH="61" HEIGHT="24" CONTENT="run" WC="1.00" CC="000"/>
						<SP ID="P8_SP01224" HPOS="2485" VPOS="4072" WIDTH="15"/>
						<String ID="P8_ST01511" HPOS="2500" VPOS="4045" WIDTH="44" HEIGHT="24" CONTENT="on" WC="1.00" CC="00"/>
						<SP ID="P8_SP01225" HPOS="2544" VPOS="4072" WIDTH="17"/>
						<String ID="P8_ST01512" HPOS="2561" VPOS="4037" WIDTH="127" HEIGHT="32" CONTENT="limited" WC="1.00" CC="2004000"/>
					</TextLine>
					<TextLine ID="P8_TL00288" HPOS="2078" VPOS="4086" WIDTH="618" HEIGHT="32">
						<String ID="P8_ST01513" HPOS="2078" VPOS="4086" WIDTH="105" HEIGHT="32" CONTENT="hours" WC="1.00" CC="00000"/>
						<SP ID="P8_SP01226" HPOS="2183" VPOS="4118" WIDTH="15"/>
						<String ID="P8_ST01514" HPOS="2198" VPOS="4095" WIDTH="82" HEIGHT="23" CONTENT="over" WC="1.00" CC="0200"/>
						<SP ID="P8_SP01227" HPOS="2280" VPOS="4118" WIDTH="14"/>
						<String ID="P8_ST01515" HPOS="2294" VPOS="4087" WIDTH="61" HEIGHT="31" CONTENT="the" WC="1.00" CC="000"/>
						<SP ID="P8_SP01228" HPOS="2355" VPOS="4118" WIDTH="15"/>
						<String ID="P8_ST01516" HPOS="2370" VPOS="4088" WIDTH="194" HEIGHT="30" CONTENT="Christmas" WC="1.00" CC="000000010"/>
						<SP ID="P8_SP01229" HPOS="2564" VPOS="4118" WIDTH="16"/>
						<String ID="P8_ST01517" HPOS="2580" VPOS="4087" WIDTH="116" HEIGHT="31" CONTENT="break." WC="1.00" CC="000004"/>
					</TextLine>
				</TextBlock>
				<TextBlock ID="P8_TB00027" HPOS="1617" VPOS="355" WIDTH="210" HEIGHT="30" STYLEREFS="TXT_0 PAR_RIGHT">
					<TextLine ID="P8_TL00289" HPOS="1617" VPOS="355" WIDTH="210" HEIGHT="30">
						<String ID="P8_ST01518" HPOS="1617" VPOS="361" WIDTH="45" HEIGHT="22" CONTENT="the" WC="0.95" CC="606"/>
						<SP ID="P8_SP01230" HPOS="1662" VPOS="383" WIDTH="14"/>
						<String ID="P8_ST01519" HPOS="1676" VPOS="355" WIDTH="151" HEIGHT="30" CONTENT="Maroon" WC="0.99" CC="042100"/>
					</TextLine>
				</TextBlock>
				<TextBlock ID="P8_TB00028" HPOS="715" VPOS="392" WIDTH="440" HEIGHT="30" STYLEREFS="TXT_0 PAR_LEFT">
					<TextLine ID="P8_TL00290" HPOS="715" VPOS="393" WIDTH="440" HEIGHT="29">
						<String ID="P8_ST01520" HPOS="715" VPOS="393" WIDTH="116" HEIGHT="29" CONTENT="FRIDAY," WC="1.00" CC="6000000"/>
						<SP ID="P8_SP01231" HPOS="831" VPOS="422" WIDTH="15"/>
						<String ID="P8_ST01521" HPOS="846" VPOS="393" WIDTH="174" HEIGHT="25" CONTENT="DECEMBER" WC="0.99" CC="00046060"/>
						<SP ID="P8_SP01232" HPOS="1020" VPOS="422" WIDTH="12"/>
						<String ID="P8_ST01522" HPOS="1032" VPOS="394" WIDTH="27" HEIGHT="28" CONTENT="11," WC="0.76" CC="510"/>
						<SP ID="P8_SP01233" HPOS="1059" VPOS="422" WIDTH="14"/>
						<String ID="P8_ST01523" HPOS="1073" VPOS="394" WIDTH="82" HEIGHT="25" CONTENT="2009" WC="0.84" CC="6000"/>
					</TextLine>
				</TextBlock>
				<TextBlock ID="P8_TB00029" HPOS="2604" VPOS="389" WIDTH="121" HEIGHT="25" STYLEREFS="TXT_0 PAR_RIGHT">
					<TextLine ID="P8_TL00291" HPOS="2604" VPOS="389" WIDTH="121" HEIGHT="25">
						<String ID="P8_ST01524" HPOS="2604" VPOS="389" WIDTH="121" HEIGHT="25" CONTENT="8" WC="1.00" CC="0"/>
					</TextLine>
				</TextBlock>
				<TextBlock ID="P8_TB00030" HPOS="2399" VPOS="1032" WIDTH="332" HEIGHT="36" STYLEREFS="TXT_0 PAR_RIGHT">
					<TextLine ID="P8_TL00292" HPOS="2399" VPOS="1032" WIDTH="332" HEIGHT="36">
						<String ID="P8_ST01525" HPOS="2399" VPOS="1040" WIDTH="50" HEIGHT="23" CONTENT="see" WC="1.00" CC="000"/>
						<SP ID="P8_SP01234" HPOS="2449" VPOS="1063" WIDTH="11"/>
						<String ID="P8_ST01526" HPOS="2460" VPOS="1034" WIDTH="155" HEIGHT="32" CONTENT="TENNIS," WC="1.00" CC="0000300"/>
						<SP ID="P8_SP01235" HPOS="2615" VPOS="1066" WIDTH="15"/>
						<String ID="P8_ST01527" HPOS="2630" VPOS="1039" WIDTH="73" HEIGHT="29" CONTENT="page" WC="0.99" CC="0032"/>
						<SP ID="P8_SP01236" HPOS="2703" VPOS="1068" WIDTH="11"/>
						<String ID="P8_ST01528" HPOS="2714" VPOS="1032" WIDTH="17" HEIGHT="30" CONTENT="9" WC="1.00" CC="0"/>
					</TextLine>
				</TextBlock>
				<TextBlock ID="P8_TB00031" HPOS="1323" VPOS="2686" WIDTH="380" HEIGHT="39" STYLEREFS="TXT_0 PAR_RIGHT">
					<TextLine ID="P8_TL00293" HPOS="1326" VPOS="2688" WIDTH="377" HEIGHT="36">
						<String ID="P8_ST01529" HPOS="1326" VPOS="2695" WIDTH="50" HEIGHT="23" CONTENT="see" WC="0.99" CC="001"/>
						<SP ID="P8_SP01237" HPOS="1376" VPOS="2718" WIDTH="11"/>
						<String ID="P8_ST01530" HPOS="1387" VPOS="2689" WIDTH="198" HEIGHT="33" CONTENT="KENNEDY," WC="1.00" CC="00000000"/>
						<SP ID="P8_SP01238" HPOS="1585" VPOS="2722" WIDTH="14"/>
						<String ID="P8_ST01531" HPOS="1599" VPOS="2695" WIDTH="73" HEIGHT="29" CONTENT="page" WC="1.00" CC="0020"/>
						<SP ID="P8_SP01239" HPOS="1672" VPOS="2724" WIDTH="11"/>
						<String ID="P8_ST01532" HPOS="1683" VPOS="2688" WIDTH="20" HEIGHT="30" CONTENT="9" WC="1.00" CC="0"/>
					</TextLine>
				</TextBlock>
				<ComposedBlock ID="P8_CB00001" HPOS="200" VPOS="146" WIDTH="471" HEIGHT="269" STYLEREFS="TXT_0 PAR_LEFT" TYPE="Illustration">
					<GraphicalElement ID="P8_CB00001_SUB" HPOS="200" VPOS="146" WIDTH="471" HEIGHT="269"/>
				</ComposedBlock>
				<ComposedBlock ID="P8_CB00002" HPOS="1741" VPOS="1376" WIDTH="988" HEIGHT="1202" STYLEREFS="TXT_0 PAR_LEFT" TYPE="Illustration">
					<GraphicalElement ID="P8_CB00002_SUB" HPOS="1741" VPOS="1376" WIDTH="988" HEIGHT="1202"/>
				</ComposedBlock>
			</PrintSpace>
		</Page>
	</Layout>
</alto>
