<?xml version="1.0" encoding="UTF-8"?>
<alto xmlns:xsi="http://www.w3.org/2001/XMLSchema-instance" xsi:noNamespaceSchemaLocation="http://schema.ccs-gmbh.com/metae/alto-1-2.xsd" xmlns:xlink="http://www.w3.org/TR/xlink">
	<Description>
		<MeasurementUnit>mm10</MeasurementUnit>
		<sourceImageInformation>
			<fileName>//docstorage2/impdata3/IN/Loyola_10-018/Maroon_2009_2012/0098.tif</fileName>
		</sourceImageInformation>
		<OCRProcessing ID="OCRPROCESSING_1">
			<preProcessingStep>
				<processingSoftware>
					<softwareCreator>CCS Content Conversion Specialists GmbH, Germany</softwareCreator>
					<softwareName>CCS docWORKS</softwareName>
					<softwareVersion>6.5-1.31</softwareVersion>
				</processingSoftware>
			</preProcessingStep>
			<ocrProcessingStep>
				<processingSoftware>
					<softwareCreator>ABBYY (BIT Software), Russia</softwareCreator>
					<softwareName>NA</softwareName>
				</processingSoftware>
			</ocrProcessingStep>
		</OCRProcessing>
		<OCRProcessing ID="OCRPROCESSING_2">
			<preProcessingStep>
				<processingSoftware>
					<softwareCreator>CCS Content Conversion Specialists GmbH, Germany</softwareCreator>
					<softwareName>CCS docWORKS</softwareName>
					<softwareVersion>6.5-1.31</softwareVersion>
				</processingSoftware>
			</preProcessingStep>
			<ocrProcessingStep>
				<processingSoftware>
					<softwareCreator>ABBYY (BIT Software), Russia</softwareCreator>
					<softwareName>FineReader</softwareName>
					<softwareVersion>10.0</softwareVersion>
				</processingSoftware>
			</ocrProcessingStep>
		</OCRProcessing>
	</Description>
	<Styles>
		<TextStyle ID="TXT_0" FONTSIZE="10" FONTFAMILY="Times New Roman"/>
		<ParagraphStyle ID="PAR_LEFT" ALIGN="Left"/>
		<ParagraphStyle ID="PAR_RIGHT" ALIGN="Right"/>
		<ParagraphStyle ID="PAR_CENTER" ALIGN="Center"/>
		<ParagraphStyle ID="PAR_BLOCK" ALIGN="Block"/>
	</Styles>
	<Layout>
		<Page ID="P1" PHYSICAL_IMG_NR="1" HEIGHT="4317" WIDTH="2916" PC="0.932">
			<TopMargin ID="P1_TM00001" HPOS="0" VPOS="0" WIDTH="2916" HEIGHT="116"/>
			<LeftMargin ID="P1_LM00001" HPOS="0" VPOS="116" WIDTH="133" HEIGHT="4035"/>
			<RightMargin ID="P1_RM00001" HPOS="2667" VPOS="116" WIDTH="249" HEIGHT="4035"/>
			<BottomMargin ID="P1_BM00001" HPOS="0" VPOS="4151" WIDTH="2916" HEIGHT="166"/>
			<PrintSpace ID="P1_PS00001" HPOS="133" VPOS="116" WIDTH="2534" HEIGHT="4035">
				<TextBlock ID="P1_TB00001" HPOS="268" VPOS="138" WIDTH="1347" HEIGHT="266" STYLEREFS="TXT_0 PAR_LEFT">
					<TextLine ID="P1_TL00001" HPOS="268" VPOS="139" WIDTH="1342" HEIGHT="237">
						<String ID="P1_ST00001" HPOS="268" VPOS="139" WIDTH="398" HEIGHT="237" CONTENT="THE" WC="0.98" CC="000"/>
						<SP ID="P1_SP00001" HPOS="666" VPOS="376" WIDTH="135"/>
						<String ID="P1_ST00002" HPOS="801" VPOS="139" WIDTH="809" HEIGHT="237" CONTENT="MAROON" WC="0.98" CC="000000"/>
					</TextLine>
				</TextBlock>
				<TextBlock ID="P1_TB00002" HPOS="958" VPOS="440" WIDTH="1684" HEIGHT="44" STYLEREFS="TXT_0 PAR_RIGHT">
					<TextLine ID="P1_TL00002" HPOS="959" VPOS="440" WIDTH="1683" HEIGHT="44">
						<String ID="P1_ST00003" HPOS="959" VPOS="450" WIDTH="21" HEIGHT="34" CONTENT="A" WC="1.00" CC="0"/>
						<SP ID="P1_SP00002" HPOS="980" VPOS="484" WIDTH="36"/>
						<String ID="P1_ST00004" HPOS="1016" VPOS="448" WIDTH="193" HEIGHT="36" CONTENT="LOYOLA" WC="1.00" CC="010200"/>
						<SP ID="P1_SP00003" HPOS="1209" VPOS="484" WIDTH="34"/>
						<String ID="P1_ST00005" HPOS="1243" VPOS="445" WIDTH="272" HEIGHT="36" CONTENT="TRADITION" WC="1.00" CC="000000000"/>
						<SP ID="P1_SP00004" HPOS="1515" VPOS="484" WIDTH="37"/>
						<String ID="P1_ST00006" HPOS="1552" VPOS="443" WIDTH="148" HEIGHT="38" CONTENT="SINCE" WC="0.98" CC="00433"/>
						<SP ID="P1_SP00005" HPOS="1700" VPOS="484" WIDTH="37"/>
						<String ID="P1_ST00007" HPOS="1737" VPOS="444" WIDTH="80" HEIGHT="36" CONTENT="192" WC="0.31" CC="600"/>
						<SP ID="P1_SP00006" HPOS="1817" VPOS="484" WIDTH="14"/>
						<String ID="P1_ST00008" HPOS="1831" VPOS="444" WIDTH="18" HEIGHT="36" CONTENT="3" WC="1.00" CC="0"/>
						<SP ID="P1_SP00007" HPOS="1849" VPOS="484" WIDTH="61"/>
						<String ID="P1_ST00009" HPOS="1910" VPOS="453" WIDTH="17" HEIGHT="17" CONTENT="•" WC="0.51" CC="4"/>
						<SP ID="P1_SP00008" HPOS="1927" VPOS="484" WIDTH="63"/>
						<String ID="P1_ST00010" HPOS="1990" VPOS="443" WIDTH="113" HEIGHT="36" CONTENT='"FOR' WC="0.96" CC="5604"/>
						<SP ID="P1_SP00009" HPOS="2103" VPOS="484" WIDTH="37"/>
						<String ID="P1_ST00011" HPOS="2140" VPOS="443" WIDTH="20" HEIGHT="34" CONTENT="A" WC="1.00" CC="0"/>
						<SP ID="P1_SP00010" HPOS="2160" VPOS="484" WIDTH="36"/>
						<String ID="P1_ST00012" HPOS="2196" VPOS="442" WIDTH="218" HEIGHT="36" CONTENT="GREATER" WC="1.00" CC="1020004"/>
						<SP ID="P1_SP00011" HPOS="2414" VPOS="484" WIDTH="38"/>
						<String ID="P1_ST00013" HPOS="2452" VPOS="440" WIDTH="190" HEIGHT="36" CONTENT="LOYOLA" WC="1.00" CC="010000"/>
					</TextLine>
				</TextBlock>
				<TextBlock ID="P1_TB00003" HPOS="135" VPOS="531" WIDTH="222" HEIGHT="29" STYLEREFS="TXT_0 PAR_LEFT">
					<TextLine ID="P1_TL00003" HPOS="136" VPOS="531" WIDTH="221" HEIGHT="29">
						<String ID="P1_ST00014" HPOS="136" VPOS="531" WIDTH="55" HEIGHT="26" CONTENT="Vol." WC="0.98" CC="9000"/>
						<SP ID="P1_SP00012" HPOS="191" VPOS="557" WIDTH="14"/>
						<String ID="P1_ST00015" HPOS="205" VPOS="531" WIDTH="43" HEIGHT="29" CONTENT="87," WC="0.73" CC="034"/>
						<SP ID="P1_SP00013" HPOS="248" VPOS="560" WIDTH="15"/>
						<String ID="P1_ST00016" HPOS="263" VPOS="531" WIDTH="53" HEIGHT="26" CONTENT="NO." WC="0.97" CC="430"/>
						<SP ID="P1_SP00014" HPOS="316" VPOS="560" WIDTH="12"/>
						<String ID="P1_ST00017" HPOS="328" VPOS="531" WIDTH="29" HEIGHT="27" CONTENT="12" WC="0.95" CC="00"/>
					</TextLine>
				</TextBlock>
				<TextBlock ID="P1_TB00004" HPOS="1049" VPOS="526" WIDTH="704" HEIGHT="27" STYLEREFS="TXT_0 PAR_CENTER">
					<TextLine ID="P1_TL00004" HPOS="1049" VPOS="526" WIDTH="704" HEIGHT="27">
						<String ID="P1_ST00018" HPOS="1049" VPOS="531" WIDTH="120" HEIGHT="22" CONTENT="ONLINE" WC="1.00" CC="003000"/>
						<SP ID="P1_SP00015" HPOS="1169" VPOS="553" WIDTH="10"/>
						<String ID="P1_ST00019" HPOS="1179" VPOS="530" WIDTH="133" HEIGHT="22" CONTENT="EDITION" WC="1.00" CC="0000200"/>
						<SP ID="P1_SP00016" HPOS="1312" VPOS="553" WIDTH="10"/>
						<String ID="P1_ST00020" HPOS="1322" VPOS="529" WIDTH="38" HEIGHT="22" CONTENT="AT" WC="1.00" CC="00"/>
						<SP ID="P1_SP00017" HPOS="1360" VPOS="553" WIDTH="12"/>
						<String ID="P1_ST00021" HPOS="1372" VPOS="526" WIDTH="381" HEIGHT="25" CONTENT="LOYOLAMAROON.COM" WC="0.71" CC="6225252003402205"/>
					</TextLine>
				</TextBlock>
				<TextBlock ID="P1_TB00005" HPOS="2228" VPOS="522" WIDTH="439" HEIGHT="30" STYLEREFS="TXT_0 PAR_RIGHT">
					<TextLine ID="P1_TL00005" HPOS="2229" VPOS="523" WIDTH="438" HEIGHT="29">
						<String ID="P1_ST00022" HPOS="2229" VPOS="525" WIDTH="116" HEIGHT="27" CONTENT="FRIDAY," WC="0.99" CC="6000003"/>
						<SP ID="P1_SP00018" HPOS="2345" VPOS="552" WIDTH="14"/>
						<String ID="P1_ST00023" HPOS="2359" VPOS="524" WIDTH="174" HEIGHT="26" CONTENT="DECEMBER" WC="0.99" CC="06055030"/>
						<SP ID="P1_SP00019" HPOS="2533" VPOS="552" WIDTH="12"/>
						<String ID="P1_ST00024" HPOS="2545" VPOS="524" WIDTH="27" HEIGHT="28" CONTENT="11," WC="0.90" CC="020"/>
						<SP ID="P1_SP00020" HPOS="2572" VPOS="552" WIDTH="13"/>
						<String ID="P1_ST00025" HPOS="2585" VPOS="523" WIDTH="82" HEIGHT="26" CONTENT="2009" WC="0.88" CC="4000"/>
					</TextLine>
				</TextBlock>
				<TextBlock ID="P1_TB00006" HPOS="136" VPOS="621" WIDTH="2013" HEIGHT="168" STYLEREFS="TXT_0 PAR_LEFT">
					<TextLine ID="P1_TL00006" HPOS="137" VPOS="622" WIDTH="2012" HEIGHT="167">
						<String ID="P1_ST00026" HPOS="137" VPOS="634" WIDTH="291" HEIGHT="115" CONTENT="New" WC="1.00" CC="000"/>
						<SP ID="P1_SP00021" HPOS="428" VPOS="749" WIDTH="29"/>
						<String ID="P1_ST00027" HPOS="457" VPOS="671" WIDTH="510" HEIGHT="118" CONTENT="program" WC="0.99" CC="0100370"/>
						<SP ID="P1_SP00022" HPOS="967" VPOS="789" WIDTH="37"/>
						<String ID="P1_ST00028" HPOS="1004" VPOS="622" WIDTH="459" HEIGHT="164" CONTENT="changes" WC="0.99" CC="3660010"/>
						<SP ID="P1_SP00023" HPOS="1463" VPOS="789" WIDTH="37"/>
						<String ID="P1_ST00029" HPOS="1500" VPOS="625" WIDTH="649" HEIGHT="117" CONTENT="orientation" WC="1.00" CC="04010101000"/>
					</TextLine>
				</TextBlock>
				<TextBlock ID="P1_TB00007" HPOS="196" VPOS="824" WIDTH="347" HEIGHT="59" STYLEREFS="TXT_0 PAR_LEFT">
					<TextLine ID="P1_TL00007" HPOS="196" VPOS="824" WIDTH="347" HEIGHT="33">
						<String ID="P1_ST00030" HPOS="196" VPOS="825" WIDTH="39" HEIGHT="32" CONTENT="By" WC="0.97" CC="00"/>
						<SP ID="P1_SP00024" HPOS="235" VPOS="857" WIDTH="10"/>
						<String ID="P1_ST00031" HPOS="245" VPOS="825" WIDTH="103" HEIGHT="26" CONTENT="CRAIG" WC="1.00" CC="00000"/>
						<SP ID="P1_SP00025" HPOS="348" VPOS="857" WIDTH="12"/>
						<String ID="P1_ST00032" HPOS="360" VPOS="824" WIDTH="183" HEIGHT="26" CONTENT="MALVEAUX" WC="1.00" CC="00000000"/>
					</TextLine>
					<TextLine ID="P1_TL00008" HPOS="278" VPOS="864" WIDTH="183" HEIGHT="19">
						<String ID="P1_ST00033" HPOS="278" VPOS="864" WIDTH="64" HEIGHT="19" CONTENT="Senior" WC="0.98" CC="534065"/>
						<SP ID="P1_SP00026" HPOS="342" VPOS="883" WIDTH="5"/>
						<String ID="P1_ST00034" HPOS="347" VPOS="864" WIDTH="47" HEIGHT="19" CONTENT="Staff" WC="0.96" CC="54777"/>
						<SP ID="P1_SP00027" HPOS="394" VPOS="883" WIDTH="4"/>
						<String ID="P1_ST00035" HPOS="398" VPOS="864" WIDTH="63" HEIGHT="19" CONTENT="Writer" WC="0.99" CC="002060"/>
					</TextLine>
				</TextBlock>
				<TextBlock ID="P1_TB00008" HPOS="134" VPOS="936" WIDTH="471" HEIGHT="144" STYLEREFS="TXT_0 PAR_BLOCK">
					<TextLine ID="P1_TL00009" HPOS="177" VPOS="936" WIDTH="428" HEIGHT="30">
						<String ID="P1_ST00036" HPOS="177" VPOS="938" WIDTH="53" HEIGHT="21" CONTENT="With" WC="1.00" CC="1000"/>
						<SP ID="P1_SP00028" HPOS="230" VPOS="959" WIDTH="5"/>
						<String ID="P1_ST00037" HPOS="235" VPOS="945" WIDTH="61" HEIGHT="21" CONTENT="many" WC="0.99" CC="0060"/>
						<SP ID="P1_SP00029" HPOS="296" VPOS="966" WIDTH="5"/>
						<String ID="P1_ST00038" HPOS="301" VPOS="936" WIDTH="304" HEIGHT="30" CONTENT="sophomoresexploringother" WC="0.83" CC="000000900962000000073000"/>
					</TextLine>
					<TextLine ID="P1_TL00010" HPOS="135" VPOS="973" WIDTH="469" HEIGHT="30">
						<String ID="P1_ST00039" HPOS="135" VPOS="975" WIDTH="124" HEIGHT="23" CONTENT="universities" WC="0.99" CC="000038905000"/>
						<SP ID="P1_SP00030" HPOS="259" VPOS="998" WIDTH="9"/>
						<String ID="P1_ST00040" HPOS="268" VPOS="978" WIDTH="21" HEIGHT="19" CONTENT="to" WC="0.37" CC="56"/>
						<SP ID="P1_SP00031" HPOS="289" VPOS="998" WIDTH="11"/>
						<String ID="P1_ST00041" HPOS="300" VPOS="975" WIDTH="72" HEIGHT="22" CONTENT="attend." WC="0.99" CC="0383000"/>
						<SP ID="P1_SP00032" HPOS="372" VPOS="998" WIDTH="10"/>
						<String ID="P1_ST00042" HPOS="382" VPOS="974" WIDTH="96" HEIGHT="29" CONTENT="Loyola's" WC="0.98" CC="63050039"/>
						<SP ID="P1_SP00033" HPOS="478" VPOS="1003" WIDTH="10"/>
						<String ID="P1_ST00043" HPOS="488" VPOS="973" WIDTH="116" HEIGHT="29" CONTENT="University" WC="0.99" CC="0030056040"/>
					</TextLine>
					<TextLine ID="P1_TL00011" HPOS="135" VPOS="1011" WIDTH="469" HEIGHT="30">
						<String ID="P1_ST00044" HPOS="135" VPOS="1013" WIDTH="97" HEIGHT="28" CONTENT="Planning" WC="1.00" CC="33000000"/>
						<SP ID="P1_SP00034" HPOS="232" VPOS="1041" WIDTH="11"/>
						<String ID="P1_ST00045" HPOS="243" VPOS="1013" WIDTH="63" HEIGHT="22" CONTENT="Team" WC="1.00" CC="1000"/>
						<SP ID="P1_SP00035" HPOS="306" VPOS="1041" WIDTH="11"/>
						<String ID="P1_ST00046" HPOS="317" VPOS="1013" WIDTH="17" HEIGHT="22" CONTENT="Ls" WC="0.65" CC="70"/>
						<SP ID="P1_SP00036" HPOS="334" VPOS="1041" WIDTH="12"/>
						<String ID="P1_ST00047" HPOS="346" VPOS="1012" WIDTH="84" HEIGHT="28" CONTENT="looking" WC="0.99" CC="4095000"/>
						<SP ID="P1_SP00037" HPOS="430" VPOS="1041" WIDTH="12"/>
						<String ID="P1_ST00048" HPOS="442" VPOS="1016" WIDTH="21" HEIGHT="17" CONTENT="to" WC="1.00" CC="00"/>
						<SP ID="P1_SP00038" HPOS="463" VPOS="1041" WIDTH="11"/>
						<String ID="P1_ST00049" HPOS="474" VPOS="1011" WIDTH="79" HEIGHT="29" CONTENT="replace" WC="0.98" CC="7703940"/>
						<SP ID="P1_SP00039" HPOS="553" VPOS="1041" WIDTH="12"/>
						<String ID="P1_ST00050" HPOS="565" VPOS="1011" WIDTH="39" HEIGHT="22" CONTENT="and" WC="1.00" CC="000"/>
					</TextLine>
					<TextLine ID="P1_TL00012" HPOS="134" VPOS="1050" WIDTH="470" HEIGHT="30">
						<String ID="P1_ST00051" HPOS="134" VPOS="1051" WIDTH="80" HEIGHT="29" CONTENT="expand" WC="0.98" CC="550500"/>
						<SP ID="P1_SP00040" HPOS="214" VPOS="1080" WIDTH="15"/>
						<String ID="P1_ST00052" HPOS="229" VPOS="1051" WIDTH="23" HEIGHT="21" CONTENT="its" WC="0.97" CC="080"/>
						<SP ID="P1_SP00041" HPOS="252" VPOS="1080" WIDTH="15"/>
						<String ID="P1_ST00053" HPOS="267" VPOS="1050" WIDTH="98" HEIGHT="29" CONTENT="first-year" WC="1.00" CC="0200000000"/>
						<SP ID="P1_SP00042" HPOS="365" VPOS="1080" WIDTH="13"/>
						<String ID="P1_ST00054" HPOS="378" VPOS="1050" WIDTH="117" HEIGHT="22" CONTENT="orientation" WC="1.00" CC="07000090000"/>
						<SP ID="P1_SP00043" HPOS="495" VPOS="1080" WIDTH="15"/>
						<String ID="P1_ST00055" HPOS="510" VPOS="1055" WIDTH="94" HEIGHT="23" CONTENT="program" WC="0.98" CC="2009169"/>
					</TextLine>
				</TextBlock>
				<TextBlock ID="P1_TB00009" HPOS="649" VPOS="820" WIDTH="471" HEIGHT="255" STYLEREFS="TXT_0 PAR_LEFT">
					<TextLine ID="P1_TL00013" HPOS="649" VPOS="820" WIDTH="471" HEIGHT="30">
						<String ID="P1_ST00056" HPOS="649" VPOS="826" WIDTH="21" HEIGHT="18" CONTENT="to" WC="0.77" CC="04"/>
						<SP ID="P1_SP00044" HPOS="670" VPOS="844" WIDTH="8"/>
						<String ID="P1_ST00057" HPOS="678" VPOS="821" WIDTH="80" HEIGHT="23" CONTENT="include" WC="0.98" CC="0641176"/>
						<SP ID="P1_SP00045" HPOS="758" VPOS="844" WIDTH="8"/>
						<String ID="P1_ST00058" HPOS="766" VPOS="820" WIDTH="104" HEIGHT="30" CONTENT="year-long" WC="1.00" CC="005000001"/>
						<SP ID="P1_SP00046" HPOS="870" VPOS="850" WIDTH="9"/>
						<String ID="P1_ST00059" HPOS="879" VPOS="820" WIDTH="152" HEIGHT="29" CONTENT="programming" WC="0.99" CC="07757853000"/>
						<SP ID="P1_SP00047" HPOS="1031" VPOS="850" WIDTH="9"/>
						<String ID="P1_ST00060" HPOS="1040" VPOS="820" WIDTH="32" HEIGHT="21" CONTENT="for" WC="0.96" CC="506"/>
						<SP ID="P1_SP00048" HPOS="1072" VPOS="850" WIDTH="7"/>
						<String ID="P1_ST00061" HPOS="1079" VPOS="820" WIDTH="41" HEIGHT="21" CONTENT="first" WC="0.97" CC="67460"/>
					</TextLine>
					<TextLine ID="P1_TL00014" HPOS="649" VPOS="858" WIDTH="281" HEIGHT="29">
						<String ID="P1_ST00062" HPOS="649" VPOS="860" WIDTH="39" HEIGHT="21" CONTENT="and" WC="0.94" CC="365"/>
						<SP ID="P1_SP00049" HPOS="688" VPOS="881" WIDTH="8"/>
						<String ID="P1_ST00063" HPOS="696" VPOS="859" WIDTH="135" HEIGHT="28" CONTENT="second-year" WC="0.99" CC="20683011000"/>
						<SP ID="P1_SP00050" HPOS="831" VPOS="887" WIDTH="5"/>
						<String ID="P1_ST00064" HPOS="836" VPOS="858" WIDTH="94" HEIGHT="22" CONTENT="students." WC="1.00" CC="000004710"/>
					</TextLine>
					<TextLine ID="P1_TL00015" HPOS="690" VPOS="895" WIDTH="430" HEIGHT="30">
						<String ID="P1_ST00065" HPOS="690" VPOS="897" WIDTH="45" HEIGHT="22" CONTENT="The" WC="0.96" CC="360"/>
						<SP ID="P1_SP00051" HPOS="735" VPOS="919" WIDTH="7"/>
						<String ID="P1_ST00066" HPOS="742" VPOS="903" WIDTH="47" HEIGHT="15" CONTENT="new" WC="0.96" CC="505"/>
						<SP ID="P1_SP00052" HPOS="789" VPOS="919" WIDTH="8"/>
						<String ID="P1_ST00067" HPOS="797" VPOS="903" WIDTH="100" HEIGHT="22" CONTENT="program," WC="1.00" CC="00006300"/>
						<SP ID="P1_SP00053" HPOS="897" VPOS="925" WIDTH="9"/>
						<String ID="P1_ST00068" HPOS="906" VPOS="896" WIDTH="32" HEIGHT="21" CONTENT="the" WC="0.98" CC="400"/>
						<SP ID="P1_SP00054" HPOS="938" VPOS="925" WIDTH="9"/>
						<String ID="P1_ST00069" HPOS="947" VPOS="895" WIDTH="87" HEIGHT="29" CONTENT="Ignatius" WC="0.98" CC="09405078"/>
						<SP ID="P1_SP00055" HPOS="1034" VPOS="925" WIDTH="8"/>
						<String ID="P1_ST00070" HPOS="1042" VPOS="895" WIDTH="78" HEIGHT="29" CONTENT="Loyola" WC="0.98" CC="358040"/>
					</TextLine>
					<TextLine ID="P1_TL00016" HPOS="651" VPOS="934" WIDTH="469" HEIGHT="23">
						<String ID="P1_ST00071" HPOS="651" VPOS="935" WIDTH="86" HEIGHT="21" CONTENT="Institute" WC="1.00" CC="030020003"/>
						<SP ID="P1_SP00056" HPOS="737" VPOS="956" WIDTH="12"/>
						<String ID="P1_ST00072" HPOS="749" VPOS="934" WIDTH="32" HEIGHT="22" CONTENT="for" WC="1.00" CC="010"/>
						<SP ID="P1_SP00057" HPOS="781" VPOS="956" WIDTH="11"/>
						<String ID="P1_ST00073" HPOS="792" VPOS="934" WIDTH="73" HEIGHT="22" CONTENT="Values" WC="0.99" CC="001007"/>
						<SP ID="P1_SP00058" HPOS="865" VPOS="956" WIDTH="14"/>
						<String ID="P1_ST00074" HPOS="879" VPOS="934" WIDTH="117" HEIGHT="23" CONTENT="Education," WC="0.98" CC="5907540912"/>
						<SP ID="P1_SP00059" HPOS="996" VPOS="957" WIDTH="14"/>
						<String ID="P1_ST00075" HPOS="1010" VPOS="934" WIDTH="77" HEIGHT="22" CONTENT="intends" WC="0.99" CC="0024060"/>
						<SP ID="P1_SP00060" HPOS="1087" VPOS="957" WIDTH="13"/>
						<String ID="P1_ST00076" HPOS="1100" VPOS="937" WIDTH="20" HEIGHT="18" CONTENT="to" WC="0.81" CC="30"/>
					</TextLine>
					<TextLine ID="P1_TL00017" HPOS="649" VPOS="971" WIDTH="471" HEIGHT="29">
						<String ID="P1_ST00077" HPOS="649" VPOS="978" WIDTH="43" HEIGHT="17" CONTENT="turn" WC="0.96" CC="0588"/>
						<SP ID="P1_SP00061" HPOS="692" VPOS="995" WIDTH="7"/>
						<String ID="P1_ST00078" HPOS="699" VPOS="973" WIDTH="54" HEIGHT="22" CONTENT="what" WC="0.97" CC="0047"/>
						<SP ID="P1_SP00062" HPOS="753" VPOS="995" WIDTH="6"/>
						<String ID="P1_ST00079" HPOS="759" VPOS="978" WIDTH="60" HEIGHT="16" CONTENT="some" WC="0.99" CC="0030"/>
						<SP ID="P1_SP00063" HPOS="819" VPOS="995" WIDTH="6"/>
						<String ID="P1_ST00080" HPOS="825" VPOS="972" WIDTH="37" HEIGHT="22" CONTENT="call" WC="0.99" CC="2010"/>
						<SP ID="P1_SP00064" HPOS="862" VPOS="995" WIDTH="7"/>
						<String ID="P1_ST00081" HPOS="869" VPOS="972" WIDTH="45" HEIGHT="22" CONTENT='"the' WC="0.96" CC="7505"/>
						<SP ID="P1_SP00065" HPOS="914" VPOS="995" WIDTH="7"/>
						<String ID="P1_ST00082" HPOS="921" VPOS="972" WIDTH="125" HEIGHT="28" CONTENT="sophomore" WC="0.99" CC="090600033"/>
						<SP ID="P1_SP00066" HPOS="1046" VPOS="1000" WIDTH="6"/>
						<String ID="P1_ST00083" HPOS="1052" VPOS="971" WIDTH="68" HEIGHT="29" CONTENT="slump" WC="0.98" CC="01390"/>
					</TextLine>
					<TextLine ID="P1_TL00018" HPOS="650" VPOS="1009" WIDTH="295" HEIGHT="30">
						<String ID="P1_ST00084" HPOS="650" VPOS="1011" WIDTH="41" HEIGHT="22" CONTENT="into" WC="0.99" CC="0060"/>
						<SP ID="P1_SP00067" HPOS="691" VPOS="1033" WIDTH="7"/>
						<String ID="P1_ST00085" HPOS="698" VPOS="1011" WIDTH="33" HEIGHT="22" CONTENT="the" WC="0.97" CC="060"/>
						<SP ID="P1_SP00068" HPOS="731" VPOS="1033" WIDTH="6"/>
						<String ID="P1_ST00086" HPOS="737" VPOS="1011" WIDTH="124" HEIGHT="28" CONTENT="sophomore" WC="0.98" CC="000909868"/>
						<SP ID="P1_SP00069" HPOS="861" VPOS="1039" WIDTH="5"/>
						<String ID="P1_ST00087" HPOS="866" VPOS="1009" WIDTH="79" HEIGHT="30" CONTENT='jump."' WC="0.98" CC="509007"/>
					</TextLine>
					<TextLine ID="P1_TL00019" HPOS="692" VPOS="1047" WIDTH="428" HEIGHT="28">
						<String ID="P1_ST00088" HPOS="692" VPOS="1049" WIDTH="54" HEIGHT="22" CONTENT="UPT" WC="0.50" CC="265"/>
						<SP ID="P1_SP00070" HPOS="746" VPOS="1071" WIDTH="5"/>
						<String ID="P1_ST00089" HPOS="751" VPOS="1048" WIDTH="78" HEIGHT="22" CONTENT="intends" WC="0.99" CC="0003062"/>
						<SP ID="P1_SP00071" HPOS="829" VPOS="1071" WIDTH="5"/>
						<String ID="P1_ST00090" HPOS="834" VPOS="1051" WIDTH="22" HEIGHT="19" CONTENT="to" WC="0.69" CC="23"/>
						<SP ID="P1_SP00072" HPOS="856" VPOS="1071" WIDTH="4"/>
						<String ID="P1_ST00091" HPOS="860" VPOS="1048" WIDTH="56" HEIGHT="22" CONTENT="build" WC="1.00" CC="00100"/>
						<SP ID="P1_SP00073" HPOS="916" VPOS="1071" WIDTH="6"/>
						<String ID="P1_ST00092" HPOS="922" VPOS="1055" WIDTH="55" HEIGHT="20" CONTENT="upon" WC="0.99" CC="1400"/>
						<SP ID="P1_SP00074" HPOS="977" VPOS="1075" WIDTH="6"/>
						<String ID="P1_ST00093" HPOS="983" VPOS="1048" WIDTH="33" HEIGHT="21" CONTENT="the" WC="0.97" CC="050"/>
						<SP ID="P1_SP00075" HPOS="1016" VPOS="1075" WIDTH="6"/>
						<String ID="P1_ST00094" HPOS="1022" VPOS="1047" WIDTH="98" HEIGHT="28" CONTENT="first-year" WC="1.00" CC="0030000000"/>
					</TextLine>
				</TextBlock>
				<TextBlock ID="P1_TB00010" HPOS="1164" VPOS="818" WIDTH="471" HEIGHT="256" STYLEREFS="TXT_0 PAR_BLOCK">
					<TextLine ID="P1_TL00020" HPOS="1164" VPOS="818" WIDTH="471" HEIGHT="29">
						<String ID="P1_ST00095" HPOS="1164" VPOS="819" WIDTH="118" HEIGHT="22" CONTENT="orientation" WC="0.99" CC="76600500400"/>
						<SP ID="P1_SP00076" HPOS="1282" VPOS="841" WIDTH="3"/>
						<String ID="P1_ST00096" HPOS="1285" VPOS="825" WIDTH="106" HEIGHT="22" CONTENT="programs" WC="0.98" CC="03360990"/>
						<SP ID="P1_SP00077" HPOS="1391" VPOS="847" WIDTH="3"/>
						<String ID="P1_ST00097" HPOS="1394" VPOS="818" WIDTH="79" HEIGHT="28" CONTENT="already" WC="0.98" CC="0766360"/>
						<SP ID="P1_SP00078" HPOS="1473" VPOS="847" WIDTH="5"/>
						<String ID="P1_ST00098" HPOS="1478" VPOS="818" WIDTH="87" HEIGHT="28" CONTENT="inplace." WC="0.61" CC="04026762"/>
						<SP ID="P1_SP00079" HPOS="1565" VPOS="847" WIDTH="3"/>
						<String ID="P1_ST00099" HPOS="1568" VPOS="818" WIDTH="67" HEIGHT="22" CONTENT="which" WC="0.99" CC="40300"/>
					</TextLine>
					<TextLine ID="P1_TL00021" HPOS="1164" VPOS="856" WIDTH="471" HEIGHT="29">
						<String ID="P1_ST00100" HPOS="1164" VPOS="857" WIDTH="86" HEIGHT="22" CONTENT="coasists" WC="0.62" CC="30700990"/>
						<SP ID="P1_SP00080" HPOS="1250" VPOS="879" WIDTH="6"/>
						<String ID="P1_ST00101" HPOS="1256" VPOS="857" WIDTH="26" HEIGHT="22" CONTENT="of" WC="0.98" CC="00"/>
						<SP ID="P1_SP00081" HPOS="1282" VPOS="879" WIDTH="2"/>
						<String ID="P1_ST00102" HPOS="1284" VPOS="857" WIDTH="108" HEIGHT="28" CONTENT="Wolfpack" WC="0.66" CC="00078460"/>
						<SP ID="P1_SP00082" HPOS="1392" VPOS="885" WIDTH="7"/>
						<String ID="P1_ST00103" HPOS="1399" VPOS="856" WIDTH="105" HEIGHT="22" CONTENT="Welcome" WC="0.98" CC="8017700"/>
						<SP ID="P1_SP00083" HPOS="1504" VPOS="885" WIDTH="7"/>
						<String ID="P1_ST00104" HPOS="1511" VPOS="856" WIDTH="39" HEIGHT="22" CONTENT="and" WC="0.98" CC="040"/>
						<SP ID="P1_SP00084" HPOS="1550" VPOS="885" WIDTH="8"/>
						<String ID="P1_ST00105" HPOS="1558" VPOS="856" WIDTH="77" HEIGHT="28" CONTENT="Loyola" WC="0.99" CC="070100"/>
					</TextLine>
					<TextLine ID="P1_TL00022" HPOS="1166" VPOS="893" WIDTH="469" HEIGHT="30">
						<String ID="P1_ST00106" HPOS="1166" VPOS="895" WIDTH="121" HEIGHT="28" CONTENT="Lagniappe." WC="0.80" CC="0090090000"/>
						<SP ID="P1_SP00085" HPOS="1287" VPOS="923" WIDTH="11"/>
						<String ID="P1_ST00107" HPOS="1298" VPOS="895" WIDTH="96" HEIGHT="28" CONTENT="Through" WC="1.00" CC="0000200"/>
						<SP ID="P1_SP00086" HPOS="1394" VPOS="923" WIDTH="12"/>
						<String ID="P1_ST00108" HPOS="1406" VPOS="894" WIDTH="77" HEIGHT="23" CONTENT="iLTVE." WC="0.65" CC="408034"/>
						<SP ID="P1_SP00087" HPOS="1483" VPOS="923" WIDTH="11"/>
						<String ID="P1_ST00109" HPOS="1494" VPOS="894" WIDTH="90" HEIGHT="22" CONTENT="students" WC="0.99" CC="00303090"/>
						<SP ID="P1_SP00088" HPOS="1584" VPOS="923" WIDTH="10"/>
						<String ID="P1_ST00110" HPOS="1594" VPOS="893" WIDTH="41" HEIGHT="22" CONTENT="will" WC="0.99" CC="0003"/>
					</TextLine>
					<TextLine ID="P1_TL00023" HPOS="1164" VPOS="931" WIDTH="471" HEIGHT="29">
						<String ID="P1_ST00111" HPOS="1164" VPOS="933" WIDTH="95" HEIGHT="22" CONTENT="continue" WC="0.99" CC="00022042"/>
						<SP ID="P1_SP00089" HPOS="1259" VPOS="955" WIDTH="14"/>
						<String ID="P1_ST00112" HPOS="1273" VPOS="936" WIDTH="21" HEIGHT="19" CONTENT="to" WC="0.77" CC="04"/>
						<SP ID="P1_SP00090" HPOS="1294" VPOS="955" WIDTH="15"/>
						<String ID="P1_ST00113" HPOS="1309" VPOS="939" WIDTH="35" HEIGHT="15" CONTENT="use" WC="1.00" CC="001"/>
						<SP ID="P1_SP00091" HPOS="1344" VPOS="955" WIDTH="15"/>
						<String ID="P1_ST00114" HPOS="1359" VPOS="932" WIDTH="50" HEIGHT="22" CONTENT="their" WC="1.00" CC="00001"/>
						<SP ID="P1_SP00092" HPOS="1409" VPOS="955" WIDTH="14"/>
						<String ID="P1_ST00115" HPOS="1423" VPOS="932" WIDTH="98" HEIGHT="28" CONTENT="strengths" WC="1.00" CC="020000140"/>
						<SP ID="P1_SP00093" HPOS="1521" VPOS="960" WIDTH="15"/>
						<String ID="P1_ST00116" HPOS="1536" VPOS="931" WIDTH="52" HEIGHT="22" CONTENT="from" WC="0.94" CC="3399"/>
						<SP ID="P1_SP00094" HPOS="1588" VPOS="960" WIDTH="16"/>
						<String ID="P1_ST00117" HPOS="1604" VPOS="931" WIDTH="31" HEIGHT="22" CONTENT="the" WC="1.00" CC="000"/>
					</TextLine>
					<TextLine ID="P1_TL00024" HPOS="1165" VPOS="969" WIDTH="470" HEIGHT="30">
						<String ID="P1_ST00118" HPOS="1165" VPOS="971" WIDTH="103" HEIGHT="28" CONTENT="Strengths" WC="1.00" CC="001120000"/>
						<SP ID="P1_SP00095" HPOS="1268" VPOS="999" WIDTH="8"/>
						<String ID="P1_ST00119" HPOS="1276" VPOS="971" WIDTH="65" HEIGHT="26" CONTENT="Quest" WC="0.99" CC="03300"/>
						<SP ID="P1_SP00096" HPOS="1341" VPOS="999" WIDTH="9"/>
						<String ID="P1_ST00120" HPOS="1350" VPOS="977" WIDTH="93" HEIGHT="22" CONTENT="program" WC="0.97" CC="0559257"/>
						<SP ID="P1_SP00097" HPOS="1443" VPOS="999" WIDTH="10"/>
						<String ID="P1_ST00121" HPOS="1453" VPOS="970" WIDTH="46" HEIGHT="28" CONTENT="they" WC="1.00" CC="0020"/>
						<SP ID="P1_SP00098" HPOS="1499" VPOS="999" WIDTH="9"/>
						<String ID="P1_ST00122" HPOS="1508" VPOS="969" WIDTH="127" HEIGHT="29" CONTENT="participated" WC="1.00" CC="000000080260"/>
					</TextLine>
					<TextLine ID="P1_TL00025" HPOS="1166" VPOS="1008" WIDTH="337" HEIGHT="29">
						<String ID="P1_ST00123" HPOS="1166" VPOS="1009" WIDTH="18" HEIGHT="21" CONTENT="in" WC="0.54" CC="54"/>
						<SP ID="P1_SP00099" HPOS="1184" VPOS="1030" WIDTH="7"/>
						<String ID="P1_ST00124" HPOS="1191" VPOS="1008" WIDTH="72" HEIGHT="29" CONTENT="during" WC="1.00" CC="000030"/>
						<SP ID="P1_SP00100" HPOS="1263" VPOS="1037" WIDTH="8"/>
						<String ID="P1_ST00125" HPOS="1271" VPOS="1008" WIDTH="102" HEIGHT="22" CONTENT="freshmen" WC="0.99" CC="60003700"/>
						<SP ID="P1_SP00101" HPOS="1373" VPOS="1037" WIDTH="7"/>
						<String ID="P1_ST00126" HPOS="1380" VPOS="1008" WIDTH="123" HEIGHT="22" CONTENT="orientation." WC="1.00" CC="035102040000"/>
					</TextLine>
					<TextLine ID="P1_TL00026" HPOS="1206" VPOS="1044" WIDTH="429" HEIGHT="30">
						<String ID="P1_ST00127" HPOS="1206" VPOS="1046" WIDTH="28" HEIGHT="22" CONTENT='"It' WC="0.95" CC="560"/>
						<SP ID="P1_SP00102" HPOS="1234" VPOS="1068" WIDTH="16"/>
						<String ID="P1_ST00128" HPOS="1250" VPOS="1046" WIDTH="40" HEIGHT="22" CONTENT="will" WC="1.00" CC="0000"/>
						<SP ID="P1_SP00103" HPOS="1290" VPOS="1068" WIDTH="16"/>
						<String ID="P1_ST00129" HPOS="1306" VPOS="1046" WIDTH="26" HEIGHT="22" CONTENT="be" WC="0.46" CC="63"/>
						<SP ID="P1_SP00104" HPOS="1332" VPOS="1068" WIDTH="15"/>
						<String ID="P1_ST00130" HPOS="1347" VPOS="1046" WIDTH="119" HEIGHT="28" CONTENT="mandatory" WC="0.99" CC="600080709"/>
						<SP ID="P1_SP00105" HPOS="1466" VPOS="1074" WIDTH="16"/>
						<String ID="P1_ST00131" HPOS="1482" VPOS="1046" WIDTH="33" HEIGHT="21" CONTENT="but" WC="0.94" CC="743"/>
						<SP ID="P1_SP00106" HPOS="1515" VPOS="1074" WIDTH="16"/>
						<String ID="P1_ST00132" HPOS="1531" VPOS="1044" WIDTH="104" HEIGHT="30" CONTENT="hopefully" WC="1.00" CC="000410400"/>
					</TextLine>
				</TextBlock>
				<TextBlock ID="P1_TB00011" HPOS="1680" VPOS="816" WIDTH="471" HEIGHT="180" STYLEREFS="TXT_0 PAR_BLOCK">
					<TextLine ID="P1_TL00027" HPOS="1681" VPOS="816" WIDTH="470" HEIGHT="30">
						<String ID="P1_ST00133" HPOS="1681" VPOS="818" WIDTH="38" HEIGHT="22" CONTENT="this" WC="0.98" CC="0520"/>
						<SP ID="P1_SP00107" HPOS="1719" VPOS="840" WIDTH="15"/>
						<String ID="P1_ST00134" HPOS="1734" VPOS="824" WIDTH="94" HEIGHT="22" CONTENT="program" WC="0.98" CC="0335787"/>
						<SP ID="P1_SP00108" HPOS="1828" VPOS="846" WIDTH="16"/>
						<String ID="P1_ST00135" HPOS="1844" VPOS="817" WIDTH="41" HEIGHT="22" CONTENT="will" WC="0.98" CC="5004"/>
						<SP ID="P1_SP00109" HPOS="1885" VPOS="846" WIDTH="17"/>
						<String ID="P1_ST00136" HPOS="1902" VPOS="817" WIDTH="47" HEIGHT="29" CONTENT="help" WC="1.00" CC="0000"/>
						<SP ID="P1_SP00110" HPOS="1949" VPOS="846" WIDTH="15"/>
						<String ID="P1_ST00137" HPOS="1964" VPOS="817" WIDTH="89" HEIGHT="21" CONTENT="students" WC="0.99" CC="01063076"/>
						<SP ID="P1_SP00111" HPOS="2053" VPOS="846" WIDTH="16"/>
						<String ID="P1_ST00138" HPOS="2069" VPOS="823" WIDTH="34" HEIGHT="15" CONTENT="see" WC="0.95" CC="750"/>
						<SP ID="P1_SP00112" HPOS="2103" VPOS="846" WIDTH="15"/>
						<String ID="P1_ST00139" HPOS="2118" VPOS="816" WIDTH="33" HEIGHT="22" CONTENT="the" WC="0.96" CC="406"/>
					</TextLine>
					<TextLine ID="P1_TL00028" HPOS="1681" VPOS="853" WIDTH="470" HEIGHT="31">
						<String ID="P1_ST00140" HPOS="1681" VPOS="855" WIDTH="59" HEIGHT="22" CONTENT="value" WC="0.98" CC="18020"/>
						<SP ID="P1_SP00113" HPOS="1740" VPOS="877" WIDTH="10"/>
						<String ID="P1_ST00141" HPOS="1750" VPOS="855" WIDTH="19" HEIGHT="22" CONTENT="in" WC="1.00" CC="00"/>
						<SP ID="P1_SP00114" HPOS="1769" VPOS="877" WIDTH="11"/>
						<String ID="P1_ST00142" HPOS="1780" VPOS="855" WIDTH="17" HEIGHT="22" CONTENT="it" WC="0.44" CC="37"/>
						<SP ID="P1_SP00115" HPOS="1797" VPOS="877" WIDTH="11"/>
						<String ID="P1_ST00143" HPOS="1808" VPOS="855" WIDTH="6" HEIGHT="22" CONTENT="1" WC="0.42" CC="5"/>
						<SP ID="P1_SP00116" HPOS="1814" VPOS="877" WIDTH="10"/>
						<String ID="P1_ST00144" HPOS="1824" VPOS="862" WIDTH="61" HEIGHT="22" CONTENT="guess" WC="0.98" CC="00059"/>
						<SP ID="P1_SP00117" HPOS="1885" VPOS="884" WIDTH="9"/>
						<String ID="P1_ST00145" HPOS="1894" VPOS="861" WIDTH="40" HEIGHT="15" CONTENT="one" WC="0.93" CC="737"/>
						<SP ID="P1_SP00118" HPOS="1934" VPOS="884" WIDTH="9"/>
						<String ID="P1_ST00146" HPOS="1943" VPOS="854" WIDTH="56" HEIGHT="29" CONTENT="thing" WC="0.98" CC="03019"/>
						<SP ID="P1_SP00119" HPOS="1999" VPOS="884" WIDTH="9"/>
						<String ID="P1_ST00147" HPOS="2008" VPOS="854" WIDTH="58" HEIGHT="22" CONTENT="that's" WC="0.99" CC="300331"/>
						<SP ID="P1_SP00120" HPOS="2066" VPOS="884" WIDTH="8"/>
						<String ID="P1_ST00148" HPOS="2074" VPOS="853" WIDTH="77" HEIGHT="29" CONTENT="always" WC="1.00" CC="000000"/>
					</TextLine>
					<TextLine ID="P1_TL00029" HPOS="1681" VPOS="891" WIDTH="470" HEIGHT="31">
						<String ID="P1_ST00149" HPOS="1681" VPOS="893" WIDTH="51" HEIGHT="22" CONTENT="been" WC="0.98" CC="7000"/>
						<SP ID="P1_SP00121" HPOS="1732" VPOS="915" WIDTH="7"/>
						<String ID="P1_ST00150" HPOS="1739" VPOS="900" WIDTH="13" HEIGHT="15" CONTENT="a" WC="1.00" CC="0"/>
						<SP ID="P1_SP00122" HPOS="1752" VPOS="915" WIDTH="6"/>
						<String ID="P1_ST00151" HPOS="1758" VPOS="893" WIDTH="92" HEIGHT="29" CONTENT="problem" WC="0.98" CC="0447041"/>
						<SP ID="P1_SP00123" HPOS="1850" VPOS="922" WIDTH="8"/>
						<String ID="P1_ST00152" HPOS="1858" VPOS="892" WIDTH="16" HEIGHT="22" CONTENT="is" WC="1.00" CC="00"/>
						<SP ID="P1_SP00124" HPOS="1874" VPOS="922" WIDTH="6"/>
						<String ID="P1_ST00153" HPOS="1880" VPOS="892" WIDTH="103" HEIGHT="23" CONTENT="retention," WC="0.99" CC="0063206406"/>
						<SP ID="P1_SP00125" HPOS="1983" VPOS="922" WIDTH="6"/>
						<String ID="P1_ST00154" HPOS="1989" VPOS="892" WIDTH="40" HEIGHT="21" CONTENT="and" WC="0.94" CC="049"/>
						<SP ID="P1_SP00126" HPOS="2029" VPOS="922" WIDTH="6"/>
						<String ID="P1_ST00155" HPOS="2035" VPOS="891" WIDTH="39" HEIGHT="22" CONTENT="this" WC="1.00" CC="0000"/>
						<SP ID="P1_SP00127" HPOS="2074" VPOS="922" WIDTH="6"/>
						<String ID="P1_ST00156" HPOS="2080" VPOS="898" WIDTH="71" HEIGHT="15" CONTENT="comes" WC="0.97" CC="69006"/>
					</TextLine>
					<TextLine ID="P1_TL00030" HPOS="1681" VPOS="929" WIDTH="470" HEIGHT="29">
						<String ID="P1_ST00157" HPOS="1681" VPOS="931" WIDTH="51" HEIGHT="22" CONTENT="back" WC="0.94" CC="8983"/>
						<SP ID="P1_SP00128" HPOS="1732" VPOS="953" WIDTH="15"/>
						<String ID="P1_ST00158" HPOS="1747" VPOS="934" WIDTH="22" HEIGHT="18" CONTENT="to" WC="1.00" CC="00"/>
						<SP ID="P1_SP00129" HPOS="1769" VPOS="953" WIDTH="15"/>
						<String ID="P1_ST00159" HPOS="1784" VPOS="930" WIDTH="31" HEIGHT="26" CONTENT='it"' WC="0.97" CC="043"/>
						<SP ID="P1_SP00130" HPOS="1815" VPOS="956" WIDTH="15"/>
						<String ID="P1_ST00160" HPOS="1830" VPOS="930" WIDTH="43" HEIGHT="22" CONTENT="said" WC="1.00" CC="0000"/>
						<SP ID="P1_SP00131" HPOS="1873" VPOS="956" WIDTH="16"/>
						<String ID="P1_ST00161" HPOS="1889" VPOS="930" WIDTH="62" HEIGHT="22" CONTENT="Sarah" WC="0.99" CC="04500"/>
						<SP ID="P1_SP00132" HPOS="1951" VPOS="956" WIDTH="14"/>
						<String ID="P1_ST00162" HPOS="1965" VPOS="929" WIDTH="88" HEIGHT="29" CONTENT="Cooper," WC="1.00" CC="5000200"/>
						<SP ID="P1_SP00133" HPOS="2053" VPOS="958" WIDTH="15"/>
						<String ID="P1_ST00163" HPOS="2068" VPOS="929" WIDTH="83" HEIGHT="22" CONTENT="Student" WC="0.98" CC="6049100"/>
					</TextLine>
					<TextLine ID="P1_TL00031" HPOS="1680" VPOS="967" WIDTH="471" HEIGHT="29">
						<String ID="P1_ST00164" HPOS="1680" VPOS="969" WIDTH="141" HEIGHT="21" CONTENT="Government" WC="0.99" CC="0901880000"/>
						<SP ID="P1_SP00134" HPOS="1821" VPOS="990" WIDTH="20"/>
						<String ID="P1_ST00165" HPOS="1841" VPOS="967" WIDTH="128" HEIGHT="22" CONTENT="Association" WC="0.99" CC="08907006200"/>
						<SP ID="P1_SP00135" HPOS="1969" VPOS="990" WIDTH="22"/>
						<String ID="P1_ST00166" HPOS="1991" VPOS="967" WIDTH="100" HEIGHT="29" CONTENT="president" WC="0.99" CC="000750500"/>
						<SP ID="P1_SP00136" HPOS="2091" VPOS="996" WIDTH="21"/>
						<String ID="P1_ST00167" HPOS="2112" VPOS="967" WIDTH="39" HEIGHT="22" CONTENT="and" WC="1.00" CC="000"/>
					</TextLine>
				</TextBlock>
				<TextBlock ID="P1_TB00012" HPOS="150" VPOS="1218" WIDTH="446" HEIGHT="495" STYLEREFS="TXT_0 PAR_BLOCK">
					<TextLine ID="P1_TL00032" HPOS="150" VPOS="1218" WIDTH="446" HEIGHT="96">
						<String ID="P1_ST00168" HPOS="150" VPOS="1221" WIDTH="334" HEIGHT="93" CONTENT="Leaders" WC="0.99" CC="3030020"/>
						<SP ID="P1_SP00137" HPOS="484" VPOS="1314" WIDTH="27"/>
						<String ID="P1_ST00169" HPOS="511" VPOS="1218" WIDTH="85" HEIGHT="94" CONTENT="of" WC="0.41" CC="74"/>
					</TextLine>
					<TextLine ID="P1_TL00033" HPOS="176" VPOS="1346" WIDTH="391" HEIGHT="93">
						<String ID="P1_ST00170" HPOS="176" VPOS="1346" WIDTH="147" HEIGHT="93" CONTENT="SGA" WC="0.96" CC="000"/>
						<SP ID="P1_SP00138" HPOS="323" VPOS="1439" WIDTH="49"/>
						<String ID="P1_ST00171" HPOS="372" VPOS="1346" WIDTH="195" HEIGHT="93" CONTENT="look" WC="0.98" CC="0063"/>
					</TextLine>
					<TextLine ID="P1_TL00034" HPOS="205" VPOS="1471" WIDTH="332" HEIGHT="93">
						<String ID="P1_ST00172" HPOS="205" VPOS="1471" WIDTH="201" HEIGHT="93" CONTENT="back" WC="0.99" CC="0031"/>
						<SP ID="P1_SP00139" HPOS="406" VPOS="1564" WIDTH="26"/>
						<String ID="P1_ST00173" HPOS="432" VPOS="1493" WIDTH="105" HEIGHT="71" CONTENT="on" WC="1.00" CC="00"/>
					</TextLine>
					<TextLine ID="P1_TL00035" HPOS="178" VPOS="1597" WIDTH="387" HEIGHT="116">
						<String ID="P1_ST00174" HPOS="178" VPOS="1597" WIDTH="387" HEIGHT="116" CONTENT="promises" WC="0.99" CC="06600000"/>
					</TextLine>
				</TextBlock>
				<TextBlock ID="P1_TB00013" HPOS="159" VPOS="1752" WIDTH="418" HEIGHT="64" STYLEREFS="TXT_0 PAR_LEFT">
					<TextLine ID="P1_TL00036" HPOS="159" VPOS="1752" WIDTH="418" HEIGHT="33">
						<String ID="P1_ST00175" HPOS="159" VPOS="1753" WIDTH="39" HEIGHT="32" CONTENT="By" WC="0.94" CC="10"/>
						<SP ID="P1_SP00140" HPOS="198" VPOS="1785" WIDTH="10"/>
						<String ID="P1_ST00176" HPOS="208" VPOS="1752" WIDTH="202" HEIGHT="26" CONTENT="CHARMAINE" WC="0.95" CC="000000110"/>
						<SP ID="P1_SP00141" HPOS="410" VPOS="1785" WIDTH="11"/>
						<String ID="P1_ST00177" HPOS="421" VPOS="1752" WIDTH="156" HEIGHT="26" CONTENT="JACKSON" WC="1.00" CC="0000020"/>
					</TextLine>
					<TextLine ID="P1_TL00037" HPOS="272" VPOS="1791" WIDTH="193" HEIGHT="25">
						<String ID="P1_ST00178" HPOS="272" VPOS="1792" WIDTH="124" HEIGHT="24" CONTENT="Contributing" WC="0.99" CC="560510356036"/>
						<SP ID="P1_SP00142" HPOS="396" VPOS="1816" WIDTH="5"/>
						<String ID="P1_ST00179" HPOS="401" VPOS="1791" WIDTH="64" HEIGHT="21" CONTENT="Writer" WC="1.00" CC="100100"/>
					</TextLine>
				</TextBlock>
				<TextBlock ID="P1_TB00014" HPOS="133" VPOS="1865" WIDTH="490" HEIGHT="2104" STYLEREFS="TXT_0 PAR_BLOCK">
					<TextLine ID="P1_TL00038" HPOS="177" VPOS="1865" WIDTH="425" HEIGHT="29">
						<String ID="P1_ST00180" HPOS="177" VPOS="1866" WIDTH="26" HEIGHT="22" CONTENT="At" WC="0.76" CC="40"/>
						<SP ID="P1_SP00143" HPOS="203" VPOS="1888" WIDTH="8"/>
						<String ID="P1_ST00181" HPOS="211" VPOS="1866" WIDTH="33" HEIGHT="22" CONTENT="the" WC="0.95" CC="066"/>
						<SP ID="P1_SP00144" HPOS="244" VPOS="1888" WIDTH="9"/>
						<String ID="P1_ST00182" HPOS="253" VPOS="1866" WIDTH="96" HEIGHT="28" CONTENT="midpoint" WC="0.98" CC="06628600"/>
						<SP ID="P1_SP00145" HPOS="349" VPOS="1894" WIDTH="8"/>
						<String ID="P1_ST00183" HPOS="357" VPOS="1865" WIDTH="26" HEIGHT="22" CONTENT="of" WC="0.86" CC="20"/>
						<SP ID="P1_SP00146" HPOS="383" VPOS="1894" WIDTH="5"/>
						<String ID="P1_ST00184" HPOS="388" VPOS="1865" WIDTH="50" HEIGHT="22" CONTENT="their" WC="0.98" CC="07500"/>
						<SP ID="P1_SP00147" HPOS="438" VPOS="1894" WIDTH="6"/>
						<String ID="P1_ST00185" HPOS="444" VPOS="1869" WIDTH="67" HEIGHT="18" CONTENT="terms." WC="0.98" CC="070803"/>
						<SP ID="P1_SP00148" HPOS="511" VPOS="1894" WIDTH="9"/>
						<String ID="P1_ST00186" HPOS="520" VPOS="1865" WIDTH="82" HEIGHT="22" CONTENT="Student" WC="0.99" CC="0046220"/>
					</TextLine>
					<TextLine ID="P1_TL00039" HPOS="134" VPOS="1902" WIDTH="469" HEIGHT="29">
						<String ID="P1_ST00187" HPOS="134" VPOS="1904" WIDTH="138" HEIGHT="21" CONTENT="Government" WC="1.00" CC="0000160030"/>
						<SP ID="P1_SP00149" HPOS="272" VPOS="1925" WIDTH="15"/>
						<String ID="P1_ST00188" HPOS="287" VPOS="1902" WIDTH="145" HEIGHT="23" CONTENT="Association's" WC="0.99" CC="0154646636407"/>
						<SP ID="P1_SP00150" HPOS="432" VPOS="1925" WIDTH="17"/>
						<String ID="P1_ST00189" HPOS="449" VPOS="1902" WIDTH="98" HEIGHT="29" CONTENT="president" WC="1.00" CC="011000600"/>
						<SP ID="P1_SP00151" HPOS="547" VPOS="1931" WIDTH="16"/>
						<String ID="P1_ST00190" HPOS="563" VPOS="1902" WIDTH="40" HEIGHT="22" CONTENT="and" WC="0.98" CC="050"/>
					</TextLine>
					<TextLine ID="P1_TL00040" HPOS="135" VPOS="1940" WIDTH="467" HEIGHT="30">
						<String ID="P1_ST00191" HPOS="135" VPOS="1941" WIDTH="43" HEIGHT="22" CONTENT="vice" WC="0.97" CC="0280"/>
						<SP ID="P1_SP00152" HPOS="178" VPOS="1963" WIDTH="10"/>
						<String ID="P1_ST00192" HPOS="188" VPOS="1941" WIDTH="97" HEIGHT="29" CONTENT="president" WC="0.98" CC="778740654"/>
						<SP ID="P1_SP00153" HPOS="285" VPOS="1970" WIDTH="9"/>
						<String ID="P1_ST00193" HPOS="294" VPOS="1941" WIDTH="66" HEIGHT="28" CONTENT="weigh" WC="0.98" CC="50570"/>
						<SP ID="P1_SP00154" HPOS="360" VPOS="1970" WIDTH="11"/>
						<String ID="P1_ST00194" HPOS="371" VPOS="1941" WIDTH="18" HEIGHT="21" CONTENT="in" WC="0.90" CC="10"/>
						<SP ID="P1_SP00155" HPOS="389" VPOS="1970" WIDTH="9"/>
						<String ID="P1_ST00195" HPOS="398" VPOS="1947" WIDTH="27" HEIGHT="15" CONTENT="on" WC="0.61" CC="70"/>
						<SP ID="P1_SP00156" HPOS="425" VPOS="1970" WIDTH="10"/>
						<String ID="P1_ST00196" HPOS="435" VPOS="1940" WIDTH="98" HEIGHT="29" CONTENT="promises" WC="0.98" CC="88905006"/>
						<SP ID="P1_SP00157" HPOS="533" VPOS="1970" WIDTH="9"/>
						<String ID="P1_ST00197" HPOS="542" VPOS="1940" WIDTH="60" HEIGHT="22" CONTENT="made" WC="0.97" CC="0806"/>
					</TextLine>
					<TextLine ID="P1_TL00041" HPOS="134" VPOS="1978" WIDTH="468" HEIGHT="29">
						<String ID="P1_ST00198" HPOS="134" VPOS="1979" WIDTH="71" HEIGHT="28" CONTENT="during" WC="0.98" CC="040429"/>
						<SP ID="P1_SP00158" HPOS="205" VPOS="2007" WIDTH="7"/>
						<String ID="P1_ST00199" HPOS="212" VPOS="1979" WIDTH="49" HEIGHT="21" CONTENT="their" WC="0.99" CC="30700"/>
						<SP ID="P1_SP00159" HPOS="261" VPOS="2007" WIDTH="6"/>
						<String ID="P1_ST00200" HPOS="267" VPOS="1978" WIDTH="108" HEIGHT="29" CONTENT="campaign" WC="0.99" CC="53376200"/>
						<SP ID="P1_SP00160" HPOS="375" VPOS="2007" WIDTH="7"/>
						<String ID="P1_ST00201" HPOS="382" VPOS="1978" WIDTH="40" HEIGHT="22" CONTENT="and" WC="0.98" CC="040"/>
						<SP ID="P1_SP00161" HPOS="422" VPOS="2007" WIDTH="10"/>
						<String ID="P1_ST00202" HPOS="432" VPOS="1978" WIDTH="45" HEIGHT="22" CONTENT="look" WC="0.97" CC="0807"/>
						<SP ID="P1_SP00162" HPOS="477" VPOS="2007" WIDTH="9"/>
						<String ID="P1_ST00203" HPOS="486" VPOS="1978" WIDTH="76" HEIGHT="22" CONTENT="toward" WC="0.97" CC="090779"/>
						<SP ID="P1_SP00163" HPOS="562" VPOS="2007" WIDTH="8"/>
						<String ID="P1_ST00204" HPOS="570" VPOS="1978" WIDTH="32" HEIGHT="22" CONTENT="the" WC="0.98" CC="005"/>
					</TextLine>
					<TextLine ID="P1_TL00042" HPOS="134" VPOS="2017" WIDTH="181" HEIGHT="22">
						<String ID="P1_ST00205" HPOS="134" VPOS="2017" WIDTH="76" HEIGHT="22" CONTENT="second" WC="1.00" CC="010200"/>
						<SP ID="P1_SP00164" HPOS="210" VPOS="2039" WIDTH="7"/>
						<String ID="P1_ST00206" HPOS="217" VPOS="2020" WIDTH="98" HEIGHT="19" CONTENT="semester." WC="0.99" CC="900050200"/>
					</TextLine>
					<TextLine ID="P1_TL00043" HPOS="177" VPOS="2053" WIDTH="425" HEIGHT="30">
						<String ID="P1_ST00207" HPOS="177" VPOS="2055" WIDTH="29" HEIGHT="22" CONTENT="As" WC="0.40" CC="92"/>
						<SP ID="P1_SP00165" HPOS="206" VPOS="2077" WIDTH="17"/>
						<String ID="P1_ST00208" HPOS="223" VPOS="2061" WIDTH="12" HEIGHT="15" CONTENT="a" WC="0.07" CC="9"/>
						<SP ID="P1_SP00166" HPOS="235" VPOS="2077" WIDTH="15"/>
						<String ID="P1_ST00209" HPOS="250" VPOS="2055" WIDTH="105" HEIGHT="21" CONTENT="candidate" WC="0.99" CC="580000067"/>
						<SP ID="P1_SP00167" HPOS="355" VPOS="2077" WIDTH="16"/>
						<String ID="P1_ST00210" HPOS="371" VPOS="2053" WIDTH="33" HEIGHT="24" CONTENT="for" WC="0.97" CC="070"/>
						<SP ID="P1_SP00168" HPOS="404" VPOS="2077" WIDTH="15"/>
						<String ID="P1_ST00211" HPOS="419" VPOS="2054" WIDTH="104" HEIGHT="29" CONTENT="president." WC="1.00" CC="0000001043"/>
						<SP ID="P1_SP00169" HPOS="523" VPOS="2083" WIDTH="18"/>
						<String ID="P1_ST00212" HPOS="541" VPOS="2053" WIDTH="61" HEIGHT="22" CONTENT="Sarah" WC="0.96" CC="09791"/>
					</TextLine>
					<TextLine ID="P1_TL00044" HPOS="134" VPOS="2091" WIDTH="468" HEIGHT="30">
						<String ID="P1_ST00213" HPOS="134" VPOS="2093" WIDTH="86" HEIGHT="28" CONTENT="Cooper," WC="0.98" CC="5774000"/>
						<SP ID="P1_SP00170" HPOS="220" VPOS="2121" WIDTH="24"/>
						<String ID="P1_ST00214" HPOS="244" VPOS="2092" WIDTH="109" HEIGHT="28" CONTENT="marketing" WC="0.99" CC="094364000"/>
						<SP ID="P1_SP00171" HPOS="353" VPOS="2121" WIDTH="20"/>
						<String ID="P1_ST00215" HPOS="373" VPOS="2092" WIDTH="71" HEIGHT="28" CONTENT="junior," WC="0.99" CC="1305000"/>
						<SP ID="P1_SP00172" HPOS="444" VPOS="2121" WIDTH="24"/>
						<String ID="P1_ST00216" HPOS="468" VPOS="2091" WIDTH="42" HEIGHT="22" CONTENT="said" WC="0.99" CC="0040"/>
						<SP ID="P1_SP00173" HPOS="510" VPOS="2121" WIDTH="25"/>
						<String ID="P1_ST00217" HPOS="535" VPOS="2091" WIDTH="18" HEIGHT="22" CONTENT="in" WC="0.71" CC="50"/>
						<SP ID="P1_SP00174" HPOS="553" VPOS="2121" WIDTH="23"/>
						<String ID="P1_ST00218" HPOS="576" VPOS="2098" WIDTH="26" HEIGHT="15" CONTENT="an" WC="0.69" CC="06"/>
					</TextLine>
					<TextLine ID="P1_TL00045" HPOS="135" VPOS="2129" WIDTH="468" HEIGHT="22">
						<String ID="P1_ST00219" HPOS="135" VPOS="2130" WIDTH="100" HEIGHT="21" CONTENT="interview" WC="0.99" CC="400607510"/>
						<SP ID="P1_SP00175" HPOS="235" VPOS="2151" WIDTH="12"/>
						<String ID="P1_ST00220" HPOS="247" VPOS="2130" WIDTH="47" HEIGHT="21" CONTENT="with" WC="0.99" CC="0210"/>
						<SP ID="P1_SP00176" HPOS="294" VPOS="2151" WIDTH="10"/>
						<String ID="P1_ST00221" HPOS="304" VPOS="2129" WIDTH="43" HEIGHT="22" CONTENT="The" WC="0.94" CC="375"/>
						<SP ID="P1_SP00177" HPOS="347" VPOS="2151" WIDTH="12"/>
						<String ID="P1_ST00222" HPOS="359" VPOS="2130" WIDTH="86" HEIGHT="21" CONTENT="Maroon" WC="0.96" CC="608797"/>
						<SP ID="P1_SP00178" HPOS="445" VPOS="2151" WIDTH="13"/>
						<String ID="P1_ST00223" HPOS="458" VPOS="2129" WIDTH="18" HEIGHT="21" CONTENT="in" WC="0.77" CC="40"/>
						<SP ID="P1_SP00179" HPOS="476" VPOS="2151" WIDTH="11"/>
						<String ID="P1_ST00224" HPOS="487" VPOS="2129" WIDTH="33" HEIGHT="21" CONTENT="the" WC="0.98" CC="500"/>
						<SP ID="P1_SP00180" HPOS="520" VPOS="2151" WIDTH="11"/>
						<String ID="P1_ST00225" HPOS="531" VPOS="2129" WIDTH="72" HEIGHT="21" CONTENT="Match" WC="0.98" CC="10670"/>
					</TextLine>
					<TextLine ID="P1_TL00046" HPOS="134" VPOS="2166" WIDTH="469" HEIGHT="29">
						<String ID="P1_ST00226" HPOS="134" VPOS="2167" WIDTH="27" HEIGHT="22" CONTENT="27" WC="0.86" CC="20"/>
						<SP ID="P1_SP00181" HPOS="161" VPOS="2189" WIDTH="11"/>
						<String ID="P1_ST00227" HPOS="172" VPOS="2166" WIDTH="54" HEIGHT="23" CONTENT="Issue" WC="0.98" CC="05005"/>
						<SP ID="P1_SP00182" HPOS="226" VPOS="2189" WIDTH="11"/>
						<String ID="P1_ST00228" HPOS="237" VPOS="2167" WIDTH="46" HEIGHT="23" CONTENT="that," WC="0.99" CC="01106"/>
						<SP ID="P1_SP00183" HPOS="283" VPOS="2190" WIDTH="11"/>
						<String ID="P1_ST00229" HPOS="294" VPOS="2167" WIDTH="99" HEIGHT="28" CONTENT='"keeping' WC="1.00" CC="10020600"/>
						<SP ID="P1_SP00184" HPOS="393" VPOS="2195" WIDTH="11"/>
						<String ID="P1_ST00230" HPOS="404" VPOS="2166" WIDTH="89" HEIGHT="22" CONTENT="students" WC="0.99" CC="06607070"/>
						<SP ID="P1_SP00185" HPOS="493" VPOS="2195" WIDTH="10"/>
						<String ID="P1_ST00231" HPOS="503" VPOS="2173" WIDTH="100" HEIGHT="21" CONTENT="expenses" WC="0.98" CC="55046640"/>
					</TextLine>
					<TextLine ID="P1_TL00047" HPOS="134" VPOS="2204" WIDTH="468" HEIGHT="28">
						<String ID="P1_ST00232" HPOS="134" VPOS="2204" WIDTH="20" HEIGHT="22" CONTENT="in" WC="1.00" CC="00"/>
						<SP ID="P1_SP00186" HPOS="154" VPOS="2226" WIDTH="14"/>
						<String ID="P1_ST00233" HPOS="168" VPOS="2204" WIDTH="77" HEIGHT="22" CONTENT='check"' WC="0.98" CC="700506"/>
						<SP ID="P1_SP00187" HPOS="245" VPOS="2226" WIDTH="14"/>
						<String ID="P1_ST00234" HPOS="259" VPOS="2204" WIDTH="40" HEIGHT="22" CONTENT="due" WC="1.00" CC="000"/>
						<SP ID="P1_SP00188" HPOS="299" VPOS="2226" WIDTH="14"/>
						<String ID="P1_ST00235" HPOS="313" VPOS="2208" WIDTH="21" HEIGHT="18" CONTENT="to" WC="0.25" CC="77"/>
						<SP ID="P1_SP00189" HPOS="334" VPOS="2226" WIDTH="15"/>
						<String ID="P1_ST00236" HPOS="349" VPOS="2204" WIDTH="60" HEIGHT="28" CONTENT="rising" WC="0.99" CC="000043"/>
						<SP ID="P1_SP00190" HPOS="409" VPOS="2232" WIDTH="14"/>
						<String ID="P1_ST00237" HPOS="423" VPOS="2208" WIDTH="54" HEIGHT="18" CONTENT="costs" WC="0.99" CC="04020"/>
						<SP ID="P1_SP00191" HPOS="477" VPOS="2232" WIDTH="16"/>
						<String ID="P1_ST00238" HPOS="493" VPOS="2204" WIDTH="18" HEIGHT="21" CONTENT="in" WC="0.72" CC="05"/>
						<SP ID="P1_SP00192" HPOS="511" VPOS="2232" WIDTH="15"/>
						<String ID="P1_ST00239" HPOS="526" VPOS="2204" WIDTH="76" HEIGHT="24" CONTENT="tuition," WC="0.99" CC="00400523"/>
					</TextLine>
					<TextLine ID="P1_TL00048" HPOS="134" VPOS="2241" WIDTH="468" HEIGHT="30">
						<String ID="P1_ST00240" HPOS="134" VPOS="2242" WIDTH="95" HEIGHT="23" CONTENT="textbook" WC="0.99" CC="02601753"/>
						<SP ID="P1_SP00193" HPOS="229" VPOS="2265" WIDTH="13"/>
						<String ID="P1_ST00241" HPOS="242" VPOS="2243" WIDTH="39" HEIGHT="21" CONTENT="and" WC="1.00" CC="000"/>
						<SP ID="P1_SP00194" HPOS="281" VPOS="2265" WIDTH="13"/>
						<String ID="P1_ST00242" HPOS="294" VPOS="2248" WIDTH="86" HEIGHT="23" CONTENT="campus" WC="0.97" CC="806385"/>
						<SP ID="P1_SP00195" HPOS="380" VPOS="2271" WIDTH="13"/>
						<String ID="P1_ST00243" HPOS="393" VPOS="2241" WIDTH="87" HEIGHT="29" CONTENT="housing" WC="0.99" CC="1095030"/>
						<SP ID="P1_SP00196" HPOS="480" VPOS="2271" WIDTH="14"/>
						<String ID="P1_ST00244" HPOS="494" VPOS="2241" WIDTH="69" HEIGHT="22" CONTENT="would" WC="1.00" CC="00000"/>
						<SP ID="P1_SP00197" HPOS="563" VPOS="2271" WIDTH="14"/>
						<String ID="P1_ST00245" HPOS="577" VPOS="2241" WIDTH="25" HEIGHT="22" CONTENT="he" WC="0.64" CC="60"/>
					</TextLine>
					<TextLine ID="P1_TL00049" HPOS="134" VPOS="2279" WIDTH="318" HEIGHT="23">
						<String ID="P1_ST00246" HPOS="134" VPOS="2279" WIDTH="107" HEIGHT="23" CONTENT="addressed" WC="0.98" CC="904008369"/>
						<SP ID="P1_SP00198" HPOS="241" VPOS="2302" WIDTH="7"/>
						<String ID="P1_ST00247" HPOS="248" VPOS="2279" WIDTH="17" HEIGHT="22" CONTENT="if" WC="0.96" CC="00"/>
						<SP ID="P1_SP00199" HPOS="265" VPOS="2302" WIDTH="4"/>
						<String ID="P1_ST00248" HPOS="269" VPOS="2280" WIDTH="36" HEIGHT="21" CONTENT="she" WC="1.00" CC="000"/>
						<SP ID="P1_SP00200" HPOS="305" VPOS="2302" WIDTH="6"/>
						<String ID="P1_ST00249" HPOS="311" VPOS="2286" WIDTH="54" HEIGHT="15" CONTENT="were" WC="1.00" CC="0000"/>
						<SP ID="P1_SP00201" HPOS="365" VPOS="2302" WIDTH="6"/>
						<String ID="P1_ST00250" HPOS="371" VPOS="2279" WIDTH="81" HEIGHT="22" CONTENT="elected." WC="0.99" CC="31030600"/>
					</TextLine>
					<TextLine ID="P1_TL00050" HPOS="177" VPOS="2316" WIDTH="424" HEIGHT="29">
						<String ID="P1_ST00251" HPOS="177" VPOS="2317" WIDTH="40" HEIGHT="24" CONTENT="Yet." WC="0.98" CC="2042"/>
						<SP ID="P1_SP00202" HPOS="217" VPOS="2341" WIDTH="6"/>
						<String ID="P1_ST00252" HPOS="223" VPOS="2317" WIDTH="49" HEIGHT="22" CONTENT="after" WC="0.99" CC="00070"/>
						<SP ID="P1_SP00203" HPOS="272" VPOS="2341" WIDTH="5"/>
						<String ID="P1_ST00253" HPOS="277" VPOS="2317" WIDTH="32" HEIGHT="22" CONTENT="the" WC="0.99" CC="201"/>
						<SP ID="P1_SP00204" HPOS="309" VPOS="2341" WIDTH="6"/>
						<String ID="P1_ST00254" HPOS="315" VPOS="2317" WIDTH="35" HEIGHT="22" CONTENT="SG" WC="0.90" CC="20"/>
						<SP ID="P1_SP00205" HPOS="350" VPOS="2341" WIDTH="2"/>
						<String ID="P1_ST00255" HPOS="352" VPOS="2318" WIDTH="19" HEIGHT="20" CONTENT="A" WC="1.00" CC="0"/>
						<SP ID="P1_SP00206" HPOS="371" VPOS="2341" WIDTH="4"/>
						<String ID="P1_ST00256" HPOS="375" VPOS="2316" WIDTH="90" HEIGHT="24" CONTENT="election." WC="0.99" CC="604364000"/>
						<SP ID="P1_SP00207" HPOS="465" VPOS="2341" WIDTH="6"/>
						<String ID="P1_ST00257" HPOS="471" VPOS="2317" WIDTH="83" HEIGHT="28" CONTENT="Cooper" WC="0.98" CC="660900"/>
						<SP ID="P1_SP00208" HPOS="554" VPOS="2345" WIDTH="5"/>
						<String ID="P1_ST00258" HPOS="559" VPOS="2316" WIDTH="42" HEIGHT="22" CONTENT="said" WC="0.97" CC="0038"/>
					</TextLine>
					<TextLine ID="P1_TL00051" HPOS="134" VPOS="2353" WIDTH="468" HEIGHT="30">
						<String ID="P1_ST00259" HPOS="134" VPOS="2355" WIDTH="35" HEIGHT="22" CONTENT="she" WC="0.99" CC="002"/>
						<SP ID="P1_SP00209" HPOS="169" VPOS="2377" WIDTH="9"/>
						<String ID="P1_ST00260" HPOS="178" VPOS="2354" WIDTH="118" HEIGHT="23" CONTENT="discovered" WC="0.99" CC="0190503000"/>
						<SP ID="P1_SP00210" HPOS="296" VPOS="2377" WIDTH="10"/>
						<String ID="P1_ST00261" HPOS="306" VPOS="2354" WIDTH="40" HEIGHT="22" CONTENT="that" WC="0.96" CC="4905"/>
						<SP ID="P1_SP00211" HPOS="346" VPOS="2377" WIDTH="9"/>
						<String ID="P1_ST00262" HPOS="355" VPOS="2354" WIDTH="79" HEIGHT="29" CONTENT="Loyola" WC="0.98" CC="460305"/>
						<SP ID="P1_SP00212" HPOS="434" VPOS="2383" WIDTH="9"/>
						<String ID="P1_ST00263" HPOS="443" VPOS="2354" WIDTH="36" HEIGHT="22" CONTENT="has" WC="0.97" CC="070"/>
						<SP ID="P1_SP00213" HPOS="479" VPOS="2383" WIDTH="9"/>
						<String ID="P1_ST00264" HPOS="488" VPOS="2354" WIDTH="32" HEIGHT="22" CONTENT="the" WC="0.99" CC="100"/>
						<SP ID="P1_SP00214" HPOS="520" VPOS="2383" WIDTH="11"/>
						<String ID="P1_ST00265" HPOS="531" VPOS="2353" WIDTH="71" HEIGHT="22" CONTENT="lowest" WC="0.98" CC="007066"/>
					</TextLine>
					<TextLine ID="P1_TL00052" HPOS="133" VPOS="2392" WIDTH="470" HEIGHT="29">
						<String ID="P1_ST00266" HPOS="133" VPOS="2392" WIDTH="68" HEIGHT="22" CONTENT="tuition" WC="0.99" CC="0000453"/>
						<SP ID="P1_SP00215" HPOS="201" VPOS="2414" WIDTH="14"/>
						<String ID="P1_ST00267" HPOS="215" VPOS="2392" WIDTH="109" HEIGHT="29" CONTENT="compared" WC="0.98" CC="37687330"/>
						<SP ID="P1_SP00216" HPOS="324" VPOS="2421" WIDTH="14"/>
						<String ID="P1_ST00268" HPOS="338" VPOS="2397" WIDTH="20" HEIGHT="17" CONTENT="to" WC="0.51" CC="27"/>
						<SP ID="P1_SP00217" HPOS="358" VPOS="2421" WIDTH="13"/>
						<String ID="P1_ST00269" HPOS="371" VPOS="2392" WIDTH="82" HEIGHT="22" CONTENT="schools" WC="0.99" CC="0205040"/>
						<SP ID="P1_SP00218" HPOS="453" VPOS="2421" WIDTH="13"/>
						<String ID="P1_ST00270" HPOS="466" VPOS="2392" WIDTH="47" HEIGHT="22" CONTENT="with" WC="0.98" CC="1330"/>
						<SP ID="P1_SP00219" HPOS="513" VPOS="2421" WIDTH="14"/>
						<String ID="P1_ST00271" HPOS="527" VPOS="2392" WIDTH="76" HEIGHT="22" CONTENT="similar" WC="1.00" CC="0100030"/>
					</TextLine>
					<TextLine ID="P1_TL00053" HPOS="133" VPOS="2430" WIDTH="122" HEIGHT="23">
						<String ID="P1_ST00272" HPOS="133" VPOS="2430" WIDTH="122" HEIGHT="23" CONTENT="enrollment" WC="0.99" CC="0077006307"/>
					</TextLine>
					<TextLine ID="P1_TL00054" HPOS="174" VPOS="2467" WIDTH="428" HEIGHT="29">
						<String ID="P1_ST00273" HPOS="174" VPOS="2468" WIDTH="71" HEIGHT="22" CONTENT='"After' WC="0.99" CC="600010"/>
						<SP ID="P1_SP00220" HPOS="245" VPOS="2490" WIDTH="7"/>
						<String ID="P1_ST00274" HPOS="252" VPOS="2468" WIDTH="69" HEIGHT="28" CONTENT="seeing" WC="0.99" CC="036000"/>
						<SP ID="P1_SP00221" HPOS="321" VPOS="2496" WIDTH="7"/>
						<String ID="P1_ST00275" HPOS="328" VPOS="2468" WIDTH="48" HEIGHT="21" CONTENT="how" WC="0.97" CC="008"/>
						<SP ID="P1_SP00222" HPOS="376" VPOS="2496" WIDTH="8"/>
						<String ID="P1_ST00276" HPOS="384" VPOS="2474" WIDTH="32" HEIGHT="15" CONTENT="we" WC="1.00" CC="00"/>
						<SP ID="P1_SP00223" HPOS="416" VPOS="2496" WIDTH="8"/>
						<String ID="P1_ST00277" HPOS="424" VPOS="2474" WIDTH="32" HEIGHT="15" CONTENT="are" WC="1.00" CC="000"/>
						<SP ID="P1_SP00224" HPOS="456" VPOS="2496" WIDTH="8"/>
						<String ID="P1_ST00278" HPOS="464" VPOS="2467" WIDTH="109" HEIGHT="29" CONTENT="compared" WC="0.98" CC="07099009"/>
						<SP ID="P1_SP00225" HPOS="573" VPOS="2496" WIDTH="8"/>
						<String ID="P1_ST00279" HPOS="581" VPOS="2471" WIDTH="21" HEIGHT="18" CONTENT="to" WC="0.64" CC="07"/>
					</TextLine>
					<TextLine ID="P1_TL00055" HPOS="133" VPOS="2504" WIDTH="467" HEIGHT="24">
						<String ID="P1_ST00280" HPOS="133" VPOS="2506" WIDTH="56" HEIGHT="21" CONTENT="other" WC="0.99" CC="70000"/>
						<SP ID="P1_SP00226" HPOS="189" VPOS="2527" WIDTH="12"/>
						<String ID="P1_ST00281" HPOS="201" VPOS="2505" WIDTH="128" HEIGHT="23" CONTENT="universities," WC="1.00" CC="0000000006006"/>
						<SP ID="P1_SP00227" HPOS="329" VPOS="2528" WIDTH="14"/>
						<String ID="P1_ST00282" HPOS="343" VPOS="2512" WIDTH="31" HEIGHT="15" CONTENT="we" WC="0.63" CC="70"/>
						<SP ID="P1_SP00228" HPOS="374" VPOS="2528" WIDTH="14"/>
						<String ID="P1_ST00283" HPOS="388" VPOS="2505" WIDTH="72" HEIGHT="22" CONTENT="should" WC="0.98" CC="005049"/>
						<SP ID="P1_SP00229" HPOS="460" VPOS="2528" WIDTH="13"/>
						<String ID="P1_ST00284" HPOS="473" VPOS="2505" WIDTH="25" HEIGHT="21" CONTENT="be" WC="0.73" CC="41"/>
						<SP ID="P1_SP00230" HPOS="498" VPOS="2528" WIDTH="13"/>
						<String ID="P1_ST00285" HPOS="511" VPOS="2504" WIDTH="89" HEIGHT="22" CONTENT="thankful" WC="0.99" CC="00030306"/>
					</TextLine>
					<TextLine ID="P1_TL00056" HPOS="133" VPOS="2542" WIDTH="469" HEIGHT="29">
						<String ID="P1_ST00286" HPOS="133" VPOS="2543" WIDTH="39" HEIGHT="22" CONTENT="that" WC="0.99" CC="3030"/>
						<SP ID="P1_SP00231" HPOS="172" VPOS="2565" WIDTH="14"/>
						<String ID="P1_ST00287" HPOS="186" VPOS="2550" WIDTH="37" HEIGHT="15" CONTENT="our" WC="0.97" CC="620"/>
						<SP ID="P1_SP00232" HPOS="223" VPOS="2565" WIDTH="13"/>
						<String ID="P1_ST00288" HPOS="236" VPOS="2543" WIDTH="156" HEIGHT="22" CONTENT="adminislration" WC="0.71" CC="49400605006100"/>
						<SP ID="P1_SP00233" HPOS="392" VPOS="2565" WIDTH="15"/>
						<String ID="P1_ST00289" HPOS="407" VPOS="2542" WIDTH="16" HEIGHT="22" CONTENT="is" WC="0.91" CC="01"/>
						<SP ID="P1_SP00234" HPOS="423" VPOS="2565" WIDTH="14"/>
						<String ID="P1_ST00290" HPOS="437" VPOS="2542" WIDTH="64" HEIGHT="29" CONTENT="trying" WC="0.98" CC="580040"/>
						<SP ID="P1_SP00235" HPOS="501" VPOS="2571" WIDTH="14"/>
						<String ID="P1_ST00291" HPOS="515" VPOS="2546" WIDTH="21" HEIGHT="18" CONTENT="to" WC="0.60" CC="25"/>
						<SP ID="P1_SP00236" HPOS="536" VPOS="2571" WIDTH="13"/>
						<String ID="P1_ST00292" HPOS="549" VPOS="2542" WIDTH="53" HEIGHT="29" CONTENT="keep" WC="0.99" CC="5000"/>
					</TextLine>
					<TextLine ID="P1_TL00057" HPOS="134" VPOS="2580" WIDTH="428" HEIGHT="29">
						<String ID="P1_ST00293" HPOS="134" VPOS="2581" WIDTH="67" HEIGHT="21" CONTENT="tuition" WC="0.98" CC="7004295"/>
						<SP ID="P1_SP00237" HPOS="201" VPOS="2602" WIDTH="7"/>
						<String ID="P1_ST00294" HPOS="208" VPOS="2588" WIDTH="23" HEIGHT="14" CONTENT="as" WC="0.78" CC="40"/>
						<SP ID="P1_SP00238" HPOS="231" VPOS="2602" WIDTH="7"/>
						<String ID="P1_ST00295" HPOS="238" VPOS="2581" WIDTH="39" HEIGHT="21" CONTENT="low" WC="0.98" CC="500"/>
						<SP ID="P1_SP00239" HPOS="277" VPOS="2602" WIDTH="8"/>
						<String ID="P1_ST00296" HPOS="285" VPOS="2588" WIDTH="22" HEIGHT="14" CONTENT="as" WC="0.26" CC="94"/>
						<SP ID="P1_SP00240" HPOS="307" VPOS="2602" WIDTH="6"/>
						<String ID="P1_ST00297" HPOS="313" VPOS="2580" WIDTH="107" HEIGHT="29" CONTENT='possible,"' WC="0.99" CC="0605050002"/>
						<SP ID="P1_SP00241" HPOS="420" VPOS="2609" WIDTH="6"/>
						<String ID="P1_ST00298" HPOS="426" VPOS="2580" WIDTH="83" HEIGHT="28" CONTENT="Cooper" WC="0.99" CC="400910"/>
						<SP ID="P1_SP00242" HPOS="509" VPOS="2609" WIDTH="6"/>
						<String ID="P1_ST00299" HPOS="515" VPOS="2580" WIDTH="47" HEIGHT="22" CONTENT="said." WC="0.97" CC="90080"/>
					</TextLine>
					<TextLine ID="P1_TL00058" HPOS="176" VPOS="2618" WIDTH="426" HEIGHT="28">
						<String ID="P1_ST00300" HPOS="176" VPOS="2618" WIDTH="45" HEIGHT="23" CONTENT="Due" WC="0.98" CC="040"/>
						<SP ID="P1_SP00243" HPOS="221" VPOS="2641" WIDTH="12"/>
						<String ID="P1_ST00301" HPOS="233" VPOS="2623" WIDTH="20" HEIGHT="18" CONTENT="to" WC="0.68" CC="06"/>
						<SP ID="P1_SP00244" HPOS="253" VPOS="2641" WIDTH="11"/>
						<String ID="P1_ST00302" HPOS="264" VPOS="2618" WIDTH="77" HEIGHT="23" CONTENT="student" WC="0.99" CC="0420500"/>
						<SP ID="P1_SP00245" HPOS="341" VPOS="2641" WIDTH="12"/>
						<String ID="P1_ST00303" HPOS="353" VPOS="2618" WIDTH="48" HEIGHT="24" CONTENT="fees." WC="0.99" CC="40000"/>
						<SP ID="P1_SP00246" HPOS="401" VPOS="2642" WIDTH="10"/>
						<String ID="P1_ST00304" HPOS="411" VPOS="2618" WIDTH="83" HEIGHT="28" CONTENT="Cooper" WC="0.98" CC="077900"/>
						<SP ID="P1_SP00247" HPOS="494" VPOS="2646" WIDTH="10"/>
						<String ID="P1_ST00305" HPOS="504" VPOS="2618" WIDTH="98" HEIGHT="22" CONTENT="allocated" WC="0.99" CC="000670809"/>
					</TextLine>
					<TextLine ID="P1_TL00059" HPOS="134" VPOS="2656" WIDTH="467" HEIGHT="29">
						<String ID="P1_ST00306" HPOS="134" VPOS="2663" WIDTH="55" HEIGHT="15" CONTENT="more" WC="0.97" CC="6600"/>
						<SP ID="P1_SP00248" HPOS="189" VPOS="2678" WIDTH="12"/>
						<String ID="P1_ST00307" HPOS="201" VPOS="2663" WIDTH="75" HEIGHT="22" CONTENT="money" WC="0.98" CC="09030"/>
						<SP ID="P1_SP00249" HPOS="276" VPOS="2685" WIDTH="11"/>
						<String ID="P1_ST00308" HPOS="287" VPOS="2660" WIDTH="21" HEIGHT="18" CONTENT="to" WC="1.00" CC="00"/>
						<SP ID="P1_SP00250" HPOS="308" VPOS="2685" WIDTH="10"/>
						<String ID="P1_ST00309" HPOS="318" VPOS="2656" WIDTH="77" HEIGHT="22" CONTENT="student" WC="0.98" CC="0029355"/>
						<SP ID="P1_SP00251" HPOS="395" VPOS="2685" WIDTH="10"/>
						<String ID="P1_ST00310" HPOS="405" VPOS="2656" WIDTH="146" HEIGHT="28" CONTENT="organizations" WC="0.99" CC="0490028804786"/>
						<SP ID="P1_SP00252" HPOS="551" VPOS="2685" WIDTH="11"/>
						<String ID="P1_ST00311" HPOS="562" VPOS="2656" WIDTH="39" HEIGHT="22" CONTENT="and" WC="0.99" CC="020"/>
					</TextLine>
					<TextLine ID="P1_TL00060" HPOS="134" VPOS="2693" WIDTH="468" HEIGHT="25">
						<String ID="P1_ST00312" HPOS="134" VPOS="2694" WIDTH="31" HEIGHT="22" CONTENT="the" WC="0.99" CC="030"/>
						<SP ID="P1_SP00253" HPOS="165" VPOS="2716" WIDTH="13"/>
						<String ID="P1_ST00313" HPOS="178" VPOS="2694" WIDTH="85" HEIGHT="22" CONTENT="Richanl" WC="0.60" CC="0074086"/>
						<SP ID="P1_SP00254" HPOS="263" VPOS="2716" WIDTH="13"/>
						<String ID="P1_ST00314" HPOS="276" VPOS="2694" WIDTH="62" HEIGHT="22" CONTENT="Frank" WC="0.98" CC="06901"/>
						<SP ID="P1_SP00255" HPOS="338" VPOS="2716" WIDTH="12"/>
						<String ID="P1_ST00315" HPOS="350" VPOS="2694" WIDTH="69" HEIGHT="24" CONTENT="Grant," WC="0.98" CC="069206"/>
						<SP ID="P1_SP00256" HPOS="419" VPOS="2718" WIDTH="12"/>
						<String ID="P1_ST00316" HPOS="431" VPOS="2693" WIDTH="67" HEIGHT="22" CONTENT="which" WC="0.98" CC="90070"/>
						<SP ID="P1_SP00257" HPOS="498" VPOS="2718" WIDTH="11"/>
						<String ID="P1_ST00317" HPOS="509" VPOS="2693" WIDTH="93" HEIGHT="22" CONTENT="received" WC="0.99" CC="00710025"/>
					</TextLine>
					<TextLine ID="P1_TL00061" HPOS="133" VPOS="2731" WIDTH="352" HEIGHT="23">
						<String ID="P1_ST00318" HPOS="133" VPOS="2731" WIDTH="74" HEIGHT="23" CONTENT="double" WC="0.99" CC="040221"/>
						<SP ID="P1_SP00258" HPOS="207" VPOS="2754" WIDTH="6"/>
						<String ID="P1_ST00319" HPOS="213" VPOS="2731" WIDTH="33" HEIGHT="22" CONTENT="the" WC="0.96" CC="470"/>
						<SP ID="P1_SP00259" HPOS="246" VPOS="2754" WIDTH="7"/>
						<String ID="P1_ST00320" HPOS="253" VPOS="2735" WIDTH="83" HEIGHT="18" CONTENT="amount" WC="0.99" CC="365000"/>
						<SP ID="P1_SP00260" HPOS="336" VPOS="2754" WIDTH="6"/>
						<String ID="P1_ST00321" HPOS="342" VPOS="2731" WIDTH="38" HEIGHT="22" CONTENT="this" WC="0.97" CC="3009"/>
						<SP ID="P1_SP00261" HPOS="380" VPOS="2754" WIDTH="7"/>
						<String ID="P1_ST00322" HPOS="387" VPOS="2735" WIDTH="98" HEIGHT="18" CONTENT="semester." WC="0.99" CC="909192000"/>
					</TextLine>
					<TextLine ID="P1_TL00062" HPOS="175" VPOS="2769" WIDTH="426" HEIGHT="28">
						<String ID="P1_ST00323" HPOS="175" VPOS="2769" WIDTH="79" HEIGHT="22" CONTENT='"When' WC="0.98" CC="63500"/>
						<SP ID="P1_SP00262" HPOS="254" VPOS="2791" WIDTH="12"/>
						<String ID="P1_ST00324" HPOS="266" VPOS="2770" WIDTH="53" HEIGHT="21" CONTENT="there" WC="0.99" CC="04500"/>
						<SP ID="P1_SP00263" HPOS="319" VPOS="2791" WIDTH="12"/>
						<String ID="P1_ST00325" HPOS="331" VPOS="2769" WIDTH="16" HEIGHT="22" CONTENT="is" WC="1.00" CC="00"/>
						<SP ID="P1_SP00264" HPOS="347" VPOS="2791" WIDTH="12"/>
						<String ID="P1_ST00326" HPOS="359" VPOS="2776" WIDTH="74" HEIGHT="21" CONTENT="money" WC="0.99" CC="80000"/>
						<SP ID="P1_SP00265" HPOS="433" VPOS="2797" WIDTH="14"/>
						<String ID="P1_ST00327" HPOS="447" VPOS="2769" WIDTH="18" HEIGHT="21" CONTENT="in" WC="0.64" CC="42"/>
						<SP ID="P1_SP00266" HPOS="465" VPOS="2797" WIDTH="12"/>
						<String ID="P1_ST00328" HPOS="477" VPOS="2769" WIDTH="32" HEIGHT="22" CONTENT="the" WC="0.95" CC="354"/>
						<SP ID="P1_SP00267" HPOS="509" VPOS="2797" WIDTH="12"/>
						<String ID="P1_ST00329" HPOS="521" VPOS="2769" WIDTH="80" HEIGHT="28" CONTENT="budget" WC="0.98" CC="720009"/>
					</TextLine>
					<TextLine ID="P1_TL00063" HPOS="134" VPOS="2807" WIDTH="468" HEIGHT="28">
						<String ID="P1_ST00330" HPOS="134" VPOS="2807" WIDTH="47" HEIGHT="28" CONTENT="why" WC="1.00" CC="000"/>
						<SP ID="P1_SP00268" HPOS="181" VPOS="2835" WIDTH="14"/>
						<String ID="P1_ST00331" HPOS="195" VPOS="2812" WIDTH="33" HEIGHT="17" CONTENT="not" WC="0.97" CC="008"/>
						<SP ID="P1_SP00269" HPOS="228" VPOS="2835" WIDTH="15"/>
						<String ID="P1_ST00332" HPOS="243" VPOS="2807" WIDTH="49" HEIGHT="22" CONTENT="fund" WC="0.96" CC="7640"/>
						<SP ID="P1_SP00270" HPOS="292" VPOS="2835" WIDTH="14"/>
						<String ID="P1_ST00333" HPOS="306" VPOS="2807" WIDTH="25" HEIGHT="22" CONTENT="it?" WC="1.00" CC="000"/>
						<SP ID="P1_SP00271" HPOS="331" VPOS="2835" WIDTH="14"/>
						<String ID="P1_ST00334" HPOS="345" VPOS="2807" WIDTH="15" HEIGHT="22" CONTENT="It" WC="0.36" CC="84"/>
						<SP ID="P1_SP00272" HPOS="360" VPOS="2835" WIDTH="12"/>
						<String ID="P1_ST00335" HPOS="372" VPOS="2807" WIDTH="57" HEIGHT="28" CONTENT="gives" WC="0.99" CC="00009"/>
						<SP ID="P1_SP00273" HPOS="429" VPOS="2835" WIDTH="14"/>
						<String ID="P1_ST00336" HPOS="443" VPOS="2813" WIDTH="56" HEIGHT="15" CONTENT="more" WC="0.96" CC="9700"/>
						<SP ID="P1_SP00274" HPOS="499" VPOS="2835" WIDTH="15"/>
						<String ID="P1_ST00337" HPOS="514" VPOS="2807" WIDTH="88" HEIGHT="21" CONTENT="students" WC="0.99" CC="06396000"/>
					</TextLine>
					<TextLine ID="P1_TL00064" HPOS="133" VPOS="2845" WIDTH="303" HEIGHT="28">
						<String ID="P1_ST00338" HPOS="133" VPOS="2845" WIDTH="161" HEIGHT="28" CONTENT='opportunities."' WC="1.00" CC="000910000460913"/>
						<SP ID="P1_SP00275" HPOS="294" VPOS="2873" WIDTH="5"/>
						<String ID="P1_ST00339" HPOS="299" VPOS="2845" WIDTH="83" HEIGHT="28" CONTENT="Cooper" WC="1.00" CC="000000"/>
						<SP ID="P1_SP00276" HPOS="382" VPOS="2873" WIDTH="6"/>
						<String ID="P1_ST00340" HPOS="388" VPOS="2845" WIDTH="48" HEIGHT="22" CONTENT="said." WC="0.98" CC="00670"/>
					</TextLine>
					<TextLine ID="P1_TL00065" HPOS="176" VPOS="2883" WIDTH="427" HEIGHT="28">
						<String ID="P1_ST00341" HPOS="176" VPOS="2883" WIDTH="90" HEIGHT="22" CONTENT="Another" WC="0.99" CC="0450600"/>
						<SP ID="P1_SP00277" HPOS="266" VPOS="2905" WIDTH="7"/>
						<String ID="P1_ST00342" HPOS="273" VPOS="2889" WIDTH="40" HEIGHT="16" CONTENT="one" WC="1.00" CC="000"/>
						<SP ID="P1_SP00278" HPOS="313" VPOS="2905" WIDTH="9"/>
						<String ID="P1_ST00343" HPOS="322" VPOS="2883" WIDTH="25" HEIGHT="22" CONTENT="of" WC="0.34" CC="66"/>
						<SP ID="P1_SP00279" HPOS="347" VPOS="2905" WIDTH="6"/>
						<String ID="P1_ST00344" HPOS="353" VPOS="2883" WIDTH="101" HEIGHT="28" CONTENT="Cooper's" WC="0.99" CC="00990330"/>
						<SP ID="P1_SP00280" HPOS="454" VPOS="2911" WIDTH="9"/>
						<String ID="P1_ST00345" HPOS="463" VPOS="2883" WIDTH="57" HEIGHT="28" CONTENT="goals" WC="0.98" CC="09007"/>
						<SP ID="P1_SP00281" HPOS="520" VPOS="2911" WIDTH="9"/>
						<String ID="P1_ST00346" HPOS="529" VPOS="2889" WIDTH="43" HEIGHT="15" CONTENT="was" WC="0.93" CC="098"/>
						<SP ID="P1_SP00282" HPOS="572" VPOS="2911" WIDTH="9"/>
						<String ID="P1_ST00347" HPOS="581" VPOS="2886" WIDTH="22" HEIGHT="19" CONTENT="to" WC="0.61" CC="25"/>
					</TextLine>
					<TextLine ID="P1_TL00066" HPOS="134" VPOS="2921" WIDTH="255" HEIGHT="28">
						<String ID="P1_ST00348" HPOS="134" VPOS="2921" WIDTH="90" HEIGHT="28" CONTENT="improve" WC="0.98" CC="5009706"/>
						<SP ID="P1_SP00283" HPOS="224" VPOS="2949" WIDTH="7"/>
						<String ID="P1_ST00349" HPOS="231" VPOS="2928" WIDTH="85" HEIGHT="21" CONTENT="campus" WC="0.98" CC="705009"/>
						<SP ID="P1_SP00284" HPOS="316" VPOS="2949" WIDTH="6"/>
						<String ID="P1_ST00350" HPOS="322" VPOS="2921" WIDTH="67" HEIGHT="28" CONTENT="safety." WC="1.00" CC="0100000"/>
					</TextLine>
					<TextLine ID="P1_TL00067" HPOS="174" VPOS="2958" WIDTH="428" HEIGHT="29">
						<String ID="P1_ST00351" HPOS="174" VPOS="2958" WIDTH="49" HEIGHT="22" CONTENT="This" WC="0.97" CC="5610"/>
						<SP ID="P1_SP00285" HPOS="223" VPOS="2980" WIDTH="6"/>
						<String ID="P1_ST00352" HPOS="229" VPOS="2958" WIDTH="76" HEIGHT="24" CONTENT="month." WC="0.99" CC="360000"/>
						<SP ID="P1_SP00286" HPOS="305" VPOS="2982" WIDTH="6"/>
						<String ID="P1_ST00353" HPOS="311" VPOS="2958" WIDTH="83" HEIGHT="29" CONTENT="Cooper" WC="0.98" CC="256900"/>
						<SP ID="P1_SP00287" HPOS="394" VPOS="2987" WIDTH="5"/>
						<String ID="P1_ST00354" HPOS="399" VPOS="2962" WIDTH="29" HEIGHT="18" CONTENT="set" WC="1.00" CC="000"/>
						<SP ID="P1_SP00288" HPOS="428" VPOS="2987" WIDTH="7"/>
						<String ID="P1_ST00355" HPOS="435" VPOS="2964" WIDTH="27" HEIGHT="22" CONTENT="up" WC="0.80" CC="40"/>
						<SP ID="P1_SP00289" HPOS="462" VPOS="2987" WIDTH="5"/>
						<String ID="P1_ST00356" HPOS="467" VPOS="2964" WIDTH="13" HEIGHT="15" CONTENT="a" WC="0.86" CC="1"/>
						<SP ID="P1_SP00290" HPOS="480" VPOS="2987" WIDTH="5"/>
						<String ID="P1_ST00357" HPOS="485" VPOS="2958" WIDTH="117" HEIGHT="21" CONTENT="committee" WC="0.99" CC="750200340"/>
					</TextLine>
					<TextLine ID="P1_TL00068" HPOS="134" VPOS="2995" WIDTH="468" HEIGHT="29">
						<String ID="P1_ST00358" HPOS="134" VPOS="2996" WIDTH="38" HEIGHT="21" CONTENT="that" WC="0.97" CC="5601"/>
						<SP ID="P1_SP00291" HPOS="172" VPOS="3017" WIDTH="14"/>
						<String ID="P1_ST00359" HPOS="186" VPOS="2995" WIDTH="40" HEIGHT="22" CONTENT="will" WC="0.99" CC="0300"/>
						<SP ID="P1_SP00292" HPOS="226" VPOS="3017" WIDTH="14"/>
						<String ID="P1_ST00360" HPOS="240" VPOS="3000" WIDTH="52" HEIGHT="18" CONTENT="meet" WC="0.97" CC="0560"/>
						<SP ID="P1_SP00293" HPOS="292" VPOS="3018" WIDTH="14"/>
						<String ID="P1_ST00361" HPOS="306" VPOS="2996" WIDTH="47" HEIGHT="22" CONTENT="with" WC="0.97" CC="0704"/>
						<SP ID="P1_SP00294" HPOS="353" VPOS="3018" WIDTH="13"/>
						<String ID="P1_ST00362" HPOS="366" VPOS="2995" WIDTH="79" HEIGHT="29" CONTENT="Loyola" WC="0.99" CC="460300"/>
						<SP ID="P1_SP00295" HPOS="445" VPOS="3024" WIDTH="12"/>
						<String ID="P1_ST00363" HPOS="457" VPOS="2995" WIDTH="40" HEIGHT="22" CONTENT="and" WC="1.00" CC="000"/>
						<SP ID="P1_SP00296" HPOS="497" VPOS="3024" WIDTH="12"/>
						<String ID="P1_ST00364" HPOS="509" VPOS="2995" WIDTH="93" HEIGHT="22" CONTENT="Tulane's" WC="0.95" CC="01000200"/>
					</TextLine>
					<TextLine ID="P1_TL00069" HPOS="134" VPOS="3033" WIDTH="468" HEIGHT="29">
						<String ID="P1_ST00365" HPOS="134" VPOS="3033" WIDTH="83" HEIGHT="29" CONTENT="security" WC="1.00" CC="00132000"/>
						<SP ID="P1_SP00297" HPOS="217" VPOS="3062" WIDTH="14"/>
						<String ID="P1_ST00366" HPOS="231" VPOS="3038" WIDTH="21" HEIGHT="17" CONTENT="to" WC="0.67" CC="06"/>
						<SP ID="P1_SP00298" HPOS="252" VPOS="3062" WIDTH="12"/>
						<String ID="P1_ST00367" HPOS="264" VPOS="3033" WIDTH="79" HEIGHT="22" CONTENT="discuss" WC="0.97" CC="0297988"/>
						<SP ID="P1_SP00299" HPOS="343" VPOS="3062" WIDTH="13"/>
						<String ID="P1_ST00368" HPOS="356" VPOS="3033" WIDTH="54" HEIGHT="22" CONTENT="what" WC="0.98" CC="0007"/>
						<SP ID="P1_SP00300" HPOS="410" VPOS="3062" WIDTH="12"/>
						<String ID="P1_ST00369" HPOS="422" VPOS="3040" WIDTH="38" HEIGHT="15" CONTENT="can" WC="0.98" CC="500"/>
						<SP ID="P1_SP00301" HPOS="460" VPOS="3062" WIDTH="15"/>
						<String ID="P1_ST00370" HPOS="475" VPOS="3033" WIDTH="25" HEIGHT="22" CONTENT="be" WC="1.00" CC="00"/>
						<SP ID="P1_SP00302" HPOS="500" VPOS="3062" WIDTH="14"/>
						<String ID="P1_ST00371" HPOS="514" VPOS="3033" WIDTH="54" HEIGHT="22" CONTENT="done" WC="0.99" CC="0020"/>
						<SP ID="P1_SP00303" HPOS="568" VPOS="3062" WIDTH="13"/>
						<String ID="P1_ST00372" HPOS="581" VPOS="3038" WIDTH="21" HEIGHT="17" CONTENT="to" WC="0.60" CC="07"/>
					</TextLine>
					<TextLine ID="P1_TL00070" HPOS="134" VPOS="3071" WIDTH="467" HEIGHT="28">
						<String ID="P1_ST00373" HPOS="134" VPOS="3071" WIDTH="90" HEIGHT="28" CONTENT="improve" WC="0.99" CC="5070002"/>
						<SP ID="P1_SP00304" HPOS="224" VPOS="3099" WIDTH="15"/>
						<String ID="P1_ST00374" HPOS="239" VPOS="3071" WIDTH="63" HEIGHT="28" CONTENT="safety" WC="0.98" CC="005370"/>
						<SP ID="P1_SP00305" HPOS="302" VPOS="3099" WIDTH="14"/>
						<String ID="P1_ST00375" HPOS="316" VPOS="3078" WIDTH="27" HEIGHT="15" CONTENT="on" WC="0.15" CC="96"/>
						<SP ID="P1_SP00306" HPOS="343" VPOS="3099" WIDTH="14"/>
						<String ID="P1_ST00376" HPOS="357" VPOS="3071" WIDTH="48" HEIGHT="22" CONTENT="both" WC="0.98" CC="0701"/>
						<SP ID="P1_SP00307" HPOS="405" VPOS="3099" WIDTH="14"/>
						<String ID="P1_ST00377" HPOS="419" VPOS="3077" WIDTH="112" HEIGHT="22" CONTENT="campuses." WC="0.99" CC="790009060"/>
						<SP ID="P1_SP00308" HPOS="531" VPOS="3099" WIDTH="29"/>
						<String ID="P1_ST00378" HPOS="560" VPOS="3071" WIDTH="41" HEIGHT="22" CONTENT="She" WC="0.97" CC="042"/>
					</TextLine>
					<TextLine ID="P1_TL00071" HPOS="134" VPOS="3109" WIDTH="467" HEIGHT="28">
						<String ID="P1_ST00379" HPOS="134" VPOS="3109" WIDTH="39" HEIGHT="22" CONTENT="will" WC="1.00" CC="0000"/>
						<SP ID="P1_SP00309" HPOS="173" VPOS="3131" WIDTH="12"/>
						<String ID="P1_ST00380" HPOS="185" VPOS="3112" WIDTH="81" HEIGHT="25" CONTENT="suggest" WC="1.00" CC="0044000"/>
						<SP ID="P1_SP00310" HPOS="266" VPOS="3137" WIDTH="10"/>
						<String ID="P1_ST00381" HPOS="276" VPOS="3109" WIDTH="126" HEIGHT="23" CONTENT="crosswalks," WC="0.99" CC="79780004000"/>
						<SP ID="P1_SP00311" HPOS="402" VPOS="3137" WIDTH="11"/>
						<String ID="P1_ST00382" HPOS="413" VPOS="3109" WIDTH="62" HEIGHT="28" CONTENT="speed" WC="0.99" CC="00520"/>
						<SP ID="P1_SP00312" HPOS="475" VPOS="3137" WIDTH="12"/>
						<String ID="P1_ST00383" HPOS="487" VPOS="3109" WIDTH="48" HEIGHT="21" CONTENT="limit" WC="0.97" CC="60850"/>
						<SP ID="P1_SP00313" HPOS="535" VPOS="3137" WIDTH="12"/>
						<String ID="P1_ST00384" HPOS="547" VPOS="3109" WIDTH="54" HEIGHT="28" CONTENT="sigas" WC="1.00" CC="00000"/>
					</TextLine>
					<TextLine ID="P1_TL00072" HPOS="133" VPOS="3146" WIDTH="468" HEIGHT="29">
						<String ID="P1_ST00385" HPOS="133" VPOS="3154" WIDTH="27" HEIGHT="15" CONTENT="on" WC="0.34" CC="84"/>
						<SP ID="P1_SP00314" HPOS="160" VPOS="3169" WIDTH="10"/>
						<String ID="P1_ST00386" HPOS="170" VPOS="3147" WIDTH="63" HEIGHT="22" CONTENT="Freret" WC="0.87" CC="000005"/>
						<SP ID="P1_SP00315" HPOS="233" VPOS="3169" WIDTH="9"/>
						<String ID="P1_ST00387" HPOS="242" VPOS="3146" WIDTH="62" HEIGHT="22" CONTENT="Street" WC="0.99" CC="030034"/>
						<SP ID="P1_SP00316" HPOS="304" VPOS="3169" WIDTH="9"/>
						<String ID="P1_ST00388" HPOS="313" VPOS="3147" WIDTH="40" HEIGHT="21" CONTENT="and" WC="0.96" CC="910"/>
						<SP ID="P1_SP00317" HPOS="353" VPOS="3169" WIDTH="9"/>
						<String ID="P1_ST00389" HPOS="362" VPOS="3146" WIDTH="17" HEIGHT="22" CONTENT="if" WC="0.66" CC="06"/>
						<SP ID="P1_SP00318" HPOS="379" VPOS="3169" WIDTH="7"/>
						<String ID="P1_ST00390" HPOS="386" VPOS="3153" WIDTH="109" HEIGHT="22" CONTENT="necessary," WC="0.99" CC="4440900300"/>
						<SP ID="P1_SP00319" HPOS="495" VPOS="3175" WIDTH="9"/>
						<String ID="P1_ST00391" HPOS="504" VPOS="3146" WIDTH="97" HEIGHT="29" CONTENT="speeding" WC="0.99" CC="80306100"/>
					</TextLine>
					<TextLine ID="P1_TL00073" HPOS="133" VPOS="3183" WIDTH="352" HEIGHT="29">
						<String ID="P1_ST00392" HPOS="133" VPOS="3191" WIDTH="90" HEIGHT="16" CONTENT="cameras" WC="0.98" CC="7065590"/>
						<SP ID="P1_SP00320" HPOS="223" VPOS="3207" WIDTH="6"/>
						<String ID="P1_ST00393" HPOS="229" VPOS="3188" WIDTH="21" HEIGHT="18" CONTENT="to" WC="0.71" CC="05"/>
						<SP ID="P1_SP00321" HPOS="250" VPOS="3207" WIDTH="5"/>
						<String ID="P1_ST00394" HPOS="255" VPOS="3191" WIDTH="72" HEIGHT="15" CONTENT="easure" WC="0.98" CC="000100"/>
						<SP ID="P1_SP00322" HPOS="327" VPOS="3207" WIDTH="6"/>
						<String ID="P1_ST00395" HPOS="333" VPOS="3184" WIDTH="78" HEIGHT="22" CONTENT="student" WC="0.99" CC="2040300"/>
						<SP ID="P1_SP00323" HPOS="411" VPOS="3207" WIDTH="7"/>
						<String ID="P1_ST00396" HPOS="418" VPOS="3183" WIDTH="67" HEIGHT="29" CONTENT="safety." WC="1.00" CC="0000000"/>
					</TextLine>
					<TextLine ID="P1_TL00074" HPOS="176" VPOS="3221" WIDTH="427" HEIGHT="29">
						<String ID="P1_ST00397" HPOS="176" VPOS="3222" WIDTH="59" HEIGHT="22" CONTENT="Since" WC="0.98" CC="24060"/>
						<SP ID="P1_SP00324" HPOS="235" VPOS="3244" WIDTH="5"/>
						<String ID="P1_ST00398" HPOS="240" VPOS="3221" WIDTH="109" HEIGHT="29" CONTENT="beginning" WC="0.99" CC="009240007"/>
						<SP ID="P1_SP00325" HPOS="349" VPOS="3250" WIDTH="6"/>
						<String ID="P1_ST00399" HPOS="355" VPOS="3221" WIDTH="34" HEIGHT="22" CONTENT="her" WC="0.98" CC="320"/>
						<SP ID="P1_SP00326" HPOS="389" VPOS="3250" WIDTH="4"/>
						<String ID="P1_ST00400" HPOS="393" VPOS="3221" WIDTH="122" HEIGHT="29" CONTENT="presidency," WC="0.99" CC="90090002100"/>
						<SP ID="P1_SP00327" HPOS="515" VPOS="3250" WIDTH="5"/>
						<String ID="P1_ST00401" HPOS="520" VPOS="3221" WIDTH="83" HEIGHT="29" CONTENT="Cooper" WC="0.98" CC="067820"/>
					</TextLine>
					<TextLine ID="P1_TL00075" HPOS="134" VPOS="3259" WIDTH="467" HEIGHT="29">
						<String ID="P1_ST00402" HPOS="134" VPOS="3260" WIDTH="35" HEIGHT="22" CONTENT="has" WC="0.95" CC="490"/>
						<SP ID="P1_SP00328" HPOS="169" VPOS="3282" WIDTH="9"/>
						<String ID="P1_ST00403" HPOS="178" VPOS="3259" WIDTH="44" HEIGHT="23" CONTENT="also" WC="0.99" CC="0410"/>
						<SP ID="P1_SP00329" HPOS="222" VPOS="3282" WIDTH="10"/>
						<String ID="P1_ST00404" HPOS="232" VPOS="3259" WIDTH="72" HEIGHT="29" CONTENT="helped" WC="0.99" CC="000009"/>
						<SP ID="P1_SP00330" HPOS="304" VPOS="3288" WIDTH="9"/>
						<String ID="P1_ST00405" HPOS="313" VPOS="3259" WIDTH="67" HEIGHT="22" CONTENT="revive" WC="0.99" CC="550000"/>
						<SP ID="P1_SP00331" HPOS="380" VPOS="3288" WIDTH="9"/>
						<String ID="P1_ST00406" HPOS="389" VPOS="3259" WIDTH="33" HEIGHT="22" CONTENT="the" WC="0.97" CC="150"/>
						<SP ID="P1_SP00332" HPOS="422" VPOS="3288" WIDTH="11"/>
						<String ID="P1_ST00407" HPOS="433" VPOS="3259" WIDTH="168" HEIGHT="28" CONTENT="Inter-Collegiate" WC="1.00" CC="7044000030400000"/>
					</TextLine>
					<TextLine ID="P1_TL00076" HPOS="133" VPOS="3297" WIDTH="468" HEIGHT="28">
						<String ID="P1_ST00408" HPOS="133" VPOS="3298" WIDTH="130" HEIGHT="22" CONTENT="Consortium" WC="1.00" CC="0200360400"/>
						<SP ID="P1_SP00333" HPOS="263" VPOS="3320" WIDTH="10"/>
						<String ID="P1_ST00409" HPOS="273" VPOS="3302" WIDTH="21" HEIGHT="18" CONTENT="to" WC="0.66" CC="06"/>
						<SP ID="P1_SP00334" HPOS="294" VPOS="3320" WIDTH="12"/>
						<String ID="P1_ST00410" HPOS="306" VPOS="3298" WIDTH="100" HEIGHT="21" CONTENT="introduce" WC="0.99" CC="604110060"/>
						<SP ID="P1_SP00335" HPOS="406" VPOS="3320" WIDTH="12"/>
						<String ID="P1_ST00411" HPOS="418" VPOS="3297" WIDTH="95" HEIGHT="28" CONTENT="Loyola's" WC="1.00" CC="00000215"/>
						<SP ID="P1_SP00336" HPOS="513" VPOS="3325" WIDTH="11"/>
						<String ID="P1_ST00412" HPOS="524" VPOS="3297" WIDTH="77" HEIGHT="22" CONTENT="student" WC="0.98" CC="0509516"/>
					</TextLine>
					<TextLine ID="P1_TL00077" HPOS="134" VPOS="3334" WIDTH="469" HEIGHT="24">
						<String ID="P1_ST00413" HPOS="134" VPOS="3336" WIDTH="75" HEIGHT="22" CONTENT="leaders" WC="0.98" CC="0299084"/>
						<SP ID="P1_SP00337" HPOS="209" VPOS="3358" WIDTH="17"/>
						<String ID="P1_ST00414" HPOS="226" VPOS="3336" WIDTH="47" HEIGHT="21" CONTENT="with" WC="0.97" CC="8101"/>
						<SP ID="P1_SP00338" HPOS="273" VPOS="3358" WIDTH="17"/>
						<String ID="P1_ST00415" HPOS="290" VPOS="3335" WIDTH="77" HEIGHT="22" CONTENT="student" WC="0.99" CC="0630012"/>
						<SP ID="P1_SP00339" HPOS="367" VPOS="3358" WIDTH="17"/>
						<String ID="P1_ST00416" HPOS="384" VPOS="3335" WIDTH="76" HEIGHT="22" CONTENT="leaders" WC="0.99" CC="1060253"/>
						<SP ID="P1_SP00340" HPOS="460" VPOS="3358" WIDTH="17"/>
						<String ID="P1_ST00417" HPOS="477" VPOS="3334" WIDTH="52" HEIGHT="22" CONTENT="from" WC="0.96" CC="5580"/>
						<SP ID="P1_SP00341" HPOS="529" VPOS="3358" WIDTH="17"/>
						<String ID="P1_ST00418" HPOS="546" VPOS="3334" WIDTH="57" HEIGHT="22" CONTENT="other" WC="0.98" CC="07600"/>
					</TextLine>
					<TextLine ID="P1_TL00078" HPOS="134" VPOS="3372" WIDTH="468" HEIGHT="25">
						<String ID="P1_ST00419" HPOS="134" VPOS="3373" WIDTH="122" HEIGHT="24" CONTENT="universities" WC="1.00" CC="006000000301"/>
						<SP ID="P1_SP00342" HPOS="256" VPOS="3397" WIDTH="13"/>
						<String ID="P1_ST00420" HPOS="269" VPOS="3373" WIDTH="19" HEIGHT="22" CONTENT="in" WC="0.81" CC="30"/>
						<SP ID="P1_SP00343" HPOS="288" VPOS="3397" WIDTH="13"/>
						<String ID="P1_ST00421" HPOS="301" VPOS="3373" WIDTH="32" HEIGHT="22" CONTENT="the" WC="0.97" CC="053"/>
						<SP ID="P1_SP00344" HPOS="333" VPOS="3397" WIDTH="13"/>
						<String ID="P1_ST00422" HPOS="346" VPOS="3373" WIDTH="53" HEIGHT="22" CONTENT="New" WC="0.96" CC="037"/>
						<SP ID="P1_SP00345" HPOS="399" VPOS="3397" WIDTH="12"/>
						<String ID="P1_ST00423" HPOS="411" VPOS="3372" WIDTH="86" HEIGHT="22" CONTENT="Orleaas" WC="0.87" CC="0060003"/>
						<SP ID="P1_SP00346" HPOS="497" VPOS="3397" WIDTH="12"/>
						<String ID="P1_ST00424" HPOS="509" VPOS="3379" WIDTH="50" HEIGHT="15" CONTENT="area" WC="0.98" CC="0009"/>
						<SP ID="P1_SP00347" HPOS="559" VPOS="3397" WIDTH="13"/>
						<String ID="P1_ST00425" HPOS="572" VPOS="3372" WIDTH="30" HEIGHT="22" CONTENT="So" WC="0.69" CC="06"/>
					</TextLine>
					<TextLine ID="P1_TL00079" HPOS="134" VPOS="3409" WIDTH="469" HEIGHT="30">
						<String ID="P1_ST00426" HPOS="134" VPOS="3412" WIDTH="33" HEIGHT="24" CONTENT="far." WC="0.98" CC="0007"/>
						<SP ID="P1_SP00348" HPOS="167" VPOS="3436" WIDTH="15"/>
						<String ID="P1_ST00427" HPOS="182" VPOS="3412" WIDTH="75" HEIGHT="22" CONTENT="Tulane" WC="0.88" CC="010140"/>
						<SP ID="P1_SP00349" HPOS="257" VPOS="3436" WIDTH="15"/>
						<String ID="P1_ST00428" HPOS="272" VPOS="3410" WIDTH="114" HEIGHT="29" CONTENT="University" WC="0.99" CC="4530070040"/>
						<SP ID="P1_SP00350" HPOS="386" VPOS="3439" WIDTH="16"/>
						<String ID="P1_ST00429" HPOS="402" VPOS="3409" WIDTH="17" HEIGHT="23" CONTENT="is" WC="0.68" CC="60"/>
						<SP ID="P1_SP00351" HPOS="419" VPOS="3439" WIDTH="15"/>
						<String ID="P1_ST00430" HPOS="434" VPOS="3409" WIDTH="32" HEIGHT="22" CONTENT="the" WC="0.97" CC="123"/>
						<SP ID="P1_SP00352" HPOS="466" VPOS="3439" WIDTH="16"/>
						<String ID="P1_ST00431" HPOS="482" VPOS="3409" WIDTH="48" HEIGHT="29" CONTENT="only" WC="0.98" CC="2600"/>
						<SP ID="P1_SP00353" HPOS="530" VPOS="3439" WIDTH="16"/>
						<String ID="P1_ST00432" HPOS="546" VPOS="3410" WIDTH="57" HEIGHT="21" CONTENT="other" WC="0.98" CC="07400"/>
					</TextLine>
					<TextLine ID="P1_TL00080" HPOS="133" VPOS="3447" WIDTH="468" HEIGHT="29">
						<String ID="P1_ST00433" HPOS="133" VPOS="3457" WIDTH="39" HEIGHT="15" CONTENT="one" WC="1.00" CC="000"/>
						<SP ID="P1_SP00354" HPOS="172" VPOS="3472" WIDTH="19"/>
						<String ID="P1_ST00434" HPOS="191" VPOS="3449" WIDTH="100" HEIGHT="24" CONTENT="involved," WC="1.00" CC="200100170"/>
						<SP ID="P1_SP00355" HPOS="291" VPOS="3473" WIDTH="17"/>
						<String ID="P1_ST00435" HPOS="308" VPOS="3448" WIDTH="34" HEIGHT="22" CONTENT="but" WC="1.00" CC="000"/>
						<SP ID="P1_SP00356" HPOS="342" VPOS="3473" WIDTH="18"/>
						<String ID="P1_ST00436" HPOS="360" VPOS="3448" WIDTH="34" HEIGHT="22" CONTENT="she" WC="0.99" CC="002"/>
						<SP ID="P1_SP00357" HPOS="394" VPOS="3473" WIDTH="18"/>
						<String ID="P1_ST00437" HPOS="412" VPOS="3447" WIDTH="57" HEIGHT="29" CONTENT="plaas" WC="0.81" CC="00170"/>
						<SP ID="P1_SP00358" HPOS="469" VPOS="3476" WIDTH="17"/>
						<String ID="P1_ST00438" HPOS="486" VPOS="3451" WIDTH="21" HEIGHT="18" CONTENT="to" WC="0.73" CC="05"/>
						<SP ID="P1_SP00359" HPOS="507" VPOS="3476" WIDTH="16"/>
						<String ID="P1_ST00439" HPOS="523" VPOS="3454" WIDTH="78" HEIGHT="21" CONTENT="engage" WC="0.99" CC="008000"/>
					</TextLine>
					<TextLine ID="P1_TL00081" HPOS="134" VPOS="3485" WIDTH="467" HEIGHT="25">
						<String ID="P1_ST00440" HPOS="134" VPOS="3488" WIDTH="77" HEIGHT="22" CONTENT="student" WC="0.98" CC="0057550"/>
						<SP ID="P1_SP00360" HPOS="211" VPOS="3510" WIDTH="6"/>
						<String ID="P1_ST00441" HPOS="217" VPOS="3487" WIDTH="76" HEIGHT="22" CONTENT="leaders" WC="0.99" CC="0120550"/>
						<SP ID="P1_SP00361" HPOS="293" VPOS="3510" WIDTH="6"/>
						<String ID="P1_ST00442" HPOS="299" VPOS="3486" WIDTH="52" HEIGHT="22" CONTENT="from" WC="0.97" CC="3009"/>
						<SP ID="P1_SP00362" HPOS="351" VPOS="3510" WIDTH="7"/>
						<String ID="P1_ST00443" HPOS="358" VPOS="3485" WIDTH="78" HEIGHT="25" CONTENT="Xavier," WC="1.00" CC="0000000"/>
						<SP ID="P1_SP00363" HPOS="436" VPOS="3510" WIDTH="7"/>
						<String ID="P1_ST00444" HPOS="443" VPOS="3485" WIDTH="75" HEIGHT="22" CONTENT="Dillaid" WC="0.74" CC="4000067"/>
						<SP ID="P1_SP00364" HPOS="518" VPOS="3510" WIDTH="5"/>
						<String ID="P1_ST00445" HPOS="523" VPOS="3485" WIDTH="40" HEIGHT="22" CONTENT="and" WC="0.98" CC="040"/>
						<SP ID="P1_SP00365" HPOS="563" VPOS="3510" WIDTH="6"/>
						<String ID="P1_ST00446" HPOS="569" VPOS="3485" WIDTH="32" HEIGHT="22" CONTENT="the" WC="0.99" CC="020"/>
					</TextLine>
					<TextLine ID="P1_TL00082" HPOS="134" VPOS="3524" WIDTH="298" HEIGHT="30">
						<String ID="P1_ST00447" HPOS="134" VPOS="3525" WIDTH="113" HEIGHT="29" CONTENT="University" WC="0.99" CC="5300097000"/>
						<SP ID="P1_SP00366" HPOS="247" VPOS="3554" WIDTH="7"/>
						<String ID="P1_ST00448" HPOS="254" VPOS="3524" WIDTH="25" HEIGHT="23" CONTENT="of" WC="0.77" CC="40"/>
						<SP ID="P1_SP00367" HPOS="279" VPOS="3554" WIDTH="4"/>
						<String ID="P1_ST00449" HPOS="283" VPOS="3524" WIDTH="53" HEIGHT="22" CONTENT="New" WC="1.00" CC="000"/>
						<SP ID="P1_SP00368" HPOS="336" VPOS="3554" WIDTH="6"/>
						<String ID="P1_ST00450" HPOS="342" VPOS="3524" WIDTH="90" HEIGHT="22" CONTENT="Orleans." WC="0.99" CC="03700000"/>
					</TextLine>
					<TextLine ID="P1_TL00083" HPOS="175" VPOS="3560" WIDTH="426" HEIGHT="32">
						<String ID="P1_ST00451" HPOS="175" VPOS="3563" WIDTH="83" HEIGHT="29" CONTENT="Cooper" WC="0.98" CC="055940"/>
						<SP ID="P1_SP00369" HPOS="258" VPOS="3592" WIDTH="3"/>
						<String ID="P1_ST00452" HPOS="261" VPOS="3563" WIDTH="44" HEIGHT="22" CONTENT="also" WC="0.99" CC="0102"/>
						<SP ID="P1_SP00370" HPOS="305" VPOS="3592" WIDTH="3"/>
						<String ID="P1_ST00453" HPOS="308" VPOS="3562" WIDTH="41" HEIGHT="23" CONTENT="told" WC="0.99" CC="1400"/>
						<SP ID="P1_SP00371" HPOS="349" VPOS="3592" WIDTH="2"/>
						<String ID="P1_ST00454" HPOS="351" VPOS="3562" WIDTH="44" HEIGHT="22" CONTENT="The" WC="0.98" CC="041"/>
						<SP ID="P1_SP00372" HPOS="395" VPOS="3592" WIDTH="5"/>
						<String ID="P1_ST00455" HPOS="400" VPOS="3561" WIDTH="87" HEIGHT="22" CONTENT="Maroon" WC="0.98" CC="922205"/>
						<SP ID="P1_SP00373" HPOS="487" VPOS="3592" WIDTH="6"/>
						<String ID="P1_ST00456" HPOS="493" VPOS="3561" WIDTH="35" HEIGHT="21" CONTENT="she" WC="0.97" CC="044"/>
						<SP ID="P1_SP00374" HPOS="528" VPOS="3592" WIDTH="4"/>
						<String ID="P1_ST00457" HPOS="532" VPOS="3560" WIDTH="69" HEIGHT="22" CONTENT="would" WC="0.98" CC="85200"/>
					</TextLine>
					<TextLine ID="P1_TL00084" HPOS="134" VPOS="3598" WIDTH="428" HEIGHT="31">
						<String ID="P1_ST00458" HPOS="134" VPOS="3601" WIDTH="25" HEIGHT="22" CONTENT="be" WC="1.00" CC="00"/>
						<SP ID="P1_SP00375" HPOS="159" VPOS="3623" WIDTH="7"/>
						<String ID="P1_ST00459" HPOS="166" VPOS="3608" WIDTH="56" HEIGHT="15" CONTENT="more" WC="1.00" CC="1000"/>
						<SP ID="P1_SP00376" HPOS="222" VPOS="3623" WIDTH="7"/>
						<String ID="P1_ST00460" HPOS="229" VPOS="3604" WIDTH="119" HEIGHT="25" CONTENT="traasparent" WC="0.72" CC="06092005500"/>
						<SP ID="P1_SP00377" HPOS="348" VPOS="3629" WIDTH="7"/>
						<String ID="P1_ST00461" HPOS="355" VPOS="3599" WIDTH="17" HEIGHT="23" CONTENT="if" WC="0.71" CC="05"/>
						<SP ID="P1_SP00378" HPOS="372" VPOS="3629" WIDTH="4"/>
						<String ID="P1_ST00462" HPOS="376" VPOS="3599" WIDTH="76" HEIGHT="23" CONTENT="elected" WC="0.99" CC="0000649"/>
						<SP ID="P1_SP00379" HPOS="452" VPOS="3629" WIDTH="7"/>
						<String ID="P1_ST00463" HPOS="459" VPOS="3598" WIDTH="103" HEIGHT="29" CONTENT="president" WC="0.99" CC="000909000"/>
					</TextLine>
					<TextLine ID="P1_TL00085" HPOS="177" VPOS="3635" WIDTH="424" HEIGHT="29">
						<String ID="P1_ST00464" HPOS="177" VPOS="3639" WIDTH="67" HEIGHT="23" CONTENT="David" WC="1.00" CC="02001"/>
						<SP ID="P1_SP00380" HPOS="244" VPOS="3662" WIDTH="15"/>
						<String ID="P1_ST00465" HPOS="259" VPOS="3638" WIDTH="71" HEIGHT="24" CONTENT="Zoller," WC="0.90" CC="0600000"/>
						<SP ID="P1_SP00381" HPOS="330" VPOS="3662" WIDTH="17"/>
						<String ID="P1_ST00466" HPOS="347" VPOS="3637" WIDTH="57" HEIGHT="23" CONTENT="SGA" WC="1.00" CC="000"/>
						<SP ID="P1_SP00382" HPOS="404" VPOS="3662" WIDTH="15"/>
						<String ID="P1_ST00467" HPOS="419" VPOS="3640" WIDTH="67" HEIGHT="19" CONTENT="senate" WC="0.97" CC="250982"/>
						<SP ID="P1_SP00383" HPOS="486" VPOS="3662" WIDTH="17"/>
						<String ID="P1_ST00468" HPOS="503" VPOS="3635" WIDTH="98" HEIGHT="29" CONTENT="president" WC="0.99" CC="000009003"/>
					</TextLine>
					<TextLine ID="P1_TL00086" HPOS="133" VPOS="3673" WIDTH="469" HEIGHT="32">
						<String ID="P1_ST00469" HPOS="133" VPOS="3677" WIDTH="25" HEIGHT="22" CONTENT="of" WC="0.94" CC="10"/>
						<SP ID="P1_SP00384" HPOS="158" VPOS="3699" WIDTH="14"/>
						<String ID="P1_ST00470" HPOS="172" VPOS="3677" WIDTH="34" HEIGHT="22" CONTENT="the" WC="0.97" CC="230"/>
						<SP ID="P1_SP00385" HPOS="206" VPOS="3699" WIDTH="16"/>
						<String ID="P1_ST00471" HPOS="222" VPOS="3676" WIDTH="86" HEIGHT="29" CONTENT="College" WC="0.99" CC="0521001"/>
						<SP ID="P1_SP00386" HPOS="308" VPOS="3705" WIDTH="16"/>
						<String ID="P1_ST00472" HPOS="324" VPOS="3675" WIDTH="25" HEIGHT="22" CONTENT="of" WC="0.80" CC="40"/>
						<SP ID="P1_SP00387" HPOS="349" VPOS="3705" WIDTH="16"/>
						<String ID="P1_ST00473" HPOS="365" VPOS="3674" WIDTH="66" HEIGHT="23" CONTENT="Social" WC="0.99" CC="060202"/>
						<SP ID="P1_SP00388" HPOS="431" VPOS="3705" WIDTH="18"/>
						<String ID="P1_ST00474" HPOS="449" VPOS="3673" WIDTH="95" HEIGHT="23" CONTENT="Sciences" WC="1.00" CC="00300600"/>
						<SP ID="P1_SP00389" HPOS="544" VPOS="3705" WIDTH="18"/>
						<String ID="P1_ST00475" HPOS="562" VPOS="3673" WIDTH="40" HEIGHT="22" CONTENT="and" WC="1.00" CC="010"/>
					</TextLine>
					<TextLine ID="P1_TL00087" HPOS="134" VPOS="3712" WIDTH="468" HEIGHT="32">
						<String ID="P1_ST00476" HPOS="134" VPOS="3714" WIDTH="85" HEIGHT="30" CONTENT="political" WC="0.99" CC="073003600"/>
						<SP ID="P1_SP00390" HPOS="219" VPOS="3744" WIDTH="14"/>
						<String ID="P1_ST00477" HPOS="233" VPOS="3714" WIDTH="78" HEIGHT="22" CONTENT="science" WC="0.99" CC="6500031"/>
						<SP ID="P1_SP00391" HPOS="311" VPOS="3744" WIDTH="12"/>
						<String ID="P1_ST00478" HPOS="323" VPOS="3713" WIDTH="70" HEIGHT="25" CONTENT="senior," WC="0.98" CC="0045930"/>
						<SP ID="P1_SP00392" HPOS="393" VPOS="3744" WIDTH="13"/>
						<String ID="P1_ST00479" HPOS="406" VPOS="3712" WIDTH="48" HEIGHT="25" CONTENT="said," WC="0.99" CC="00005"/>
						<SP ID="P1_SP00393" HPOS="454" VPOS="3744" WIDTH="12"/>
						<String ID="P1_ST00480" HPOS="466" VPOS="3712" WIDTH="46" HEIGHT="22" CONTENT="&#34;It's" WC="0.98" CC="26011"/>
						<SP ID="P1_SP00394" HPOS="512" VPOS="3744" WIDTH="12"/>
						<String ID="P1_ST00481" HPOS="524" VPOS="3718" WIDTH="12" HEIGHT="16" CONTENT="a" WC="0.95" CC="0"/>
						<SP ID="P1_SP00395" HPOS="536" VPOS="3744" WIDTH="12"/>
						<String ID="P1_ST00482" HPOS="548" VPOS="3715" WIDTH="54" HEIGHT="24" CONTENT="great" WC="0.99" CC="00016"/>
					</TextLine>
					<TextLine ID="P1_TL00088" HPOS="134" VPOS="3749" WIDTH="467" HEIGHT="33">
						<String ID="P1_ST00483" HPOS="134" VPOS="3753" WIDTH="147" HEIGHT="29" CONTENT="improvement" WC="1.00" CC="06000008000"/>
						<SP ID="P1_SP00396" HPOS="281" VPOS="3782" WIDTH="13"/>
						<String ID="P1_ST00484" HPOS="294" VPOS="3751" WIDTH="55" HEIGHT="22" CONTENT="since" WC="1.00" CC="00030"/>
						<SP ID="P1_SP00397" HPOS="349" VPOS="3782" WIDTH="15"/>
						<String ID="P1_ST00485" HPOS="364" VPOS="3750" WIDTH="35" HEIGHT="22" CONTENT="last" WC="0.97" CC="0706"/>
						<SP ID="P1_SP00398" HPOS="399" VPOS="3782" WIDTH="13"/>
						<String ID="P1_ST00486" HPOS="412" VPOS="3756" WIDTH="48" HEIGHT="22" CONTENT="year" WC="0.98" CC="0007"/>
						<SP ID="P1_SP00399" HPOS="460" VPOS="3782" WIDTH="12"/>
						<String ID="P1_ST00487" HPOS="472" VPOS="3749" WIDTH="40" HEIGHT="22" CONTENT="and" WC="0.98" CC="600"/>
						<SP ID="P1_SP00400" HPOS="512" VPOS="3782" WIDTH="13"/>
						<String ID="P1_ST00488" HPOS="525" VPOS="3749" WIDTH="76" HEIGHT="28" CONTENT="they're" WC="1.00" CC="0500100"/>
					</TextLine>
					<TextLine ID="P1_TL00089" HPOS="134" VPOS="3787" WIDTH="467" HEIGHT="32">
						<String ID="P1_ST00489" HPOS="134" VPOS="3790" WIDTH="60" HEIGHT="29" CONTENT="really" WC="1.00" CC="000300"/>
						<SP ID="P1_SP00401" HPOS="194" VPOS="3819" WIDTH="19"/>
						<String ID="P1_ST00490" HPOS="213" VPOS="3789" WIDTH="91" HEIGHT="29" CONTENT="working" WC="0.98" CC="0675300"/>
						<SP ID="P1_SP00402" HPOS="304" VPOS="3819" WIDTH="18"/>
						<String ID="P1_ST00491" HPOS="322" VPOS="3795" WIDTH="27" HEIGHT="16" CONTENT="on" WC="0.47" CC="63"/>
						<SP ID="P1_SP00403" HPOS="349" VPOS="3819" WIDTH="20"/>
						<String ID="P1_ST00492" HPOS="369" VPOS="3788" WIDTH="82" HEIGHT="28" CONTENT="making" WC="0.98" CC="098000"/>
						<SP ID="P1_SP00404" HPOS="451" VPOS="3819" WIDTH="20"/>
						<String ID="P1_ST00493" HPOS="471" VPOS="3787" WIDTH="56" HEIGHT="22" CONTENT="SGA" WC="1.00" CC="000"/>
						<SP ID="P1_SP00405" HPOS="527" VPOS="3819" WIDTH="17"/>
						<String ID="P1_ST00494" HPOS="544" VPOS="3793" WIDTH="57" HEIGHT="16" CONTENT="more" WC="0.97" CC="7600"/>
					</TextLine>
					<TextLine ID="P1_TL00090" HPOS="134" VPOS="3824" WIDTH="468" HEIGHT="32">
						<String ID="P1_ST00495" HPOS="134" VPOS="3828" WIDTH="70" HEIGHT="22" CONTENT="visible" WC="1.00" CC="0020030"/>
						<SP ID="P1_SP00406" HPOS="204" VPOS="3850" WIDTH="8"/>
						<String ID="P1_ST00496" HPOS="212" VPOS="3832" WIDTH="21" HEIGHT="18" CONTENT="to" WC="0.59" CC="16"/>
						<SP ID="P1_SP00407" HPOS="233" VPOS="3850" WIDTH="8"/>
						<String ID="P1_ST00497" HPOS="241" VPOS="3832" WIDTH="33" HEIGHT="24" CONTENT="get" WC="0.95" CC="606"/>
						<SP ID="P1_SP00408" HPOS="274" VPOS="3856" WIDTH="9"/>
						<String ID="P1_ST00498" HPOS="283" VPOS="3827" WIDTH="87" HEIGHT="23" CONTENT="students" WC="1.00" CC="01401000"/>
						<SP ID="P1_SP00409" HPOS="370" VPOS="3856" WIDTH="9"/>
						<String ID="P1_ST00499" HPOS="379" VPOS="3825" WIDTH="94" HEIGHT="23" CONTENT="involved" WC="1.00" CC="00000001"/>
						<SP ID="P1_SP00410" HPOS="473" VPOS="3856" WIDTH="9"/>
						<String ID="P1_ST00500" HPOS="482" VPOS="3824" WIDTH="20" HEIGHT="23" CONTENT="in" WC="1.00" CC="00"/>
						<SP ID="P1_SP00411" HPOS="502" VPOS="3856" WIDTH="7"/>
						<String ID="P1_ST00501" HPOS="509" VPOS="3831" WIDTH="93" HEIGHT="22" CONTENT="campus," WC="1.00" CC="2300000"/>
					</TextLine>
					<TextLine ID="P1_TL00091" HPOS="134" VPOS="3862" WIDTH="470" HEIGHT="32">
						<String ID="P1_ST00502" HPOS="134" VPOS="3866" WIDTH="39" HEIGHT="22" CONTENT="and" WC="1.00" CC="000"/>
						<SP ID="P1_SP00412" HPOS="173" VPOS="3888" WIDTH="14"/>
						<String ID="P1_ST00503" HPOS="187" VPOS="3866" WIDTH="32" HEIGHT="22" CONTENT="the" WC="0.97" CC="061"/>
						<SP ID="P1_SP00413" HPOS="219" VPOS="3888" WIDTH="14"/>
						<String ID="P1_ST00504" HPOS="233" VPOS="3872" WIDTH="40" HEIGHT="22" CONTENT="pep" WC="1.00" CC="000"/>
						<SP ID="P1_SP00414" HPOS="273" VPOS="3894" WIDTH="14"/>
						<String ID="P1_ST00505" HPOS="287" VPOS="3865" WIDTH="47" HEIGHT="29" CONTENT="rally" WC="0.98" CC="86100"/>
						<SP ID="P1_SP00415" HPOS="334" VPOS="3894" WIDTH="15"/>
						<String ID="P1_ST00506" HPOS="349" VPOS="3864" WIDTH="17" HEIGHT="22" CONTENT="is" WC="0.75" CC="31"/>
						<SP ID="P1_SP00416" HPOS="366" VPOS="3894" WIDTH="13"/>
						<String ID="P1_ST00507" HPOS="379" VPOS="3871" WIDTH="12" HEIGHT="15" CONTENT="a" WC="1.00" CC="0"/>
						<SP ID="P1_SP00417" HPOS="391" VPOS="3894" WIDTH="13"/>
						<String ID="P1_ST00508" HPOS="404" VPOS="3866" WIDTH="54" HEIGHT="26" CONTENT="great" WC="0.99" CC="00016"/>
						<SP ID="P1_SP00418" HPOS="458" VPOS="3894" WIDTH="13"/>
						<String ID="P1_ST00509" HPOS="471" VPOS="3862" WIDTH="94" HEIGHT="29" CONTENT="example" WC="1.00" CC="0600000"/>
						<SP ID="P1_SP00419" HPOS="565" VPOS="3894" WIDTH="14"/>
						<String ID="P1_ST00510" HPOS="579" VPOS="3862" WIDTH="25" HEIGHT="22" CONTENT="of" WC="1.00" CC="00"/>
					</TextLine>
					<TextLine ID="P1_TL00092" HPOS="134" VPOS="3904" WIDTH="58" HEIGHT="23">
						<String ID="P1_ST00511" HPOS="134" VPOS="3904" WIDTH="58" HEIGHT="23" CONTENT='that"' WC="0.97" CC="05494"/>
					</TextLine>
					<TextLine ID="P1_TL00093" HPOS="175" VPOS="3938" WIDTH="427" HEIGHT="31">
						<String ID="P1_ST00512" HPOS="175" VPOS="3942" WIDTH="83" HEIGHT="27" CONTENT="Cooper" WC="0.99" CC="056030"/>
						<SP ID="P1_SP00420" HPOS="258" VPOS="3969" WIDTH="9"/>
						<String ID="P1_ST00513" HPOS="267" VPOS="3940" WIDTH="44" HEIGHT="23" CONTENT="said" WC="0.98" CC="3060"/>
						<SP ID="P1_SP00421" HPOS="311" VPOS="3969" WIDTH="10"/>
						<String ID="P1_ST00514" HPOS="321" VPOS="3940" WIDTH="35" HEIGHT="22" CONTENT="she" WC="0.95" CC="065"/>
						<SP ID="P1_SP00422" HPOS="356" VPOS="3969" WIDTH="11"/>
						<String ID="P1_ST00515" HPOS="367" VPOS="3938" WIDTH="88" HEIGHT="23" CONTENT="believes" WC="0.99" CC="50050020"/>
						<SP ID="P1_SP00423" HPOS="455" VPOS="3969" WIDTH="10"/>
						<String ID="P1_ST00516" HPOS="465" VPOS="3938" WIDTH="37" HEIGHT="22" CONTENT="she" WC="0.95" CC="235"/>
						<SP ID="P1_SP00424" HPOS="502" VPOS="3969" WIDTH="10"/>
						<String ID="P1_ST00517" HPOS="512" VPOS="3938" WIDTH="17" HEIGHT="22" CONTENT="is" WC="0.56" CC="61"/>
						<SP ID="P1_SP00425" HPOS="529" VPOS="3969" WIDTH="9"/>
						<String ID="P1_ST00518" HPOS="538" VPOS="3938" WIDTH="64" HEIGHT="29" CONTENT="doing" WC="0.98" CC="96000"/>
					</TextLine>
				</TextBlock>
				<TextBlock ID="P1_TB00015" HPOS="660" VPOS="1193" WIDTH="1258" HEIGHT="167" STYLEREFS="TXT_0 PAR_CENTER">
					<TextLine ID="P1_TL00094" HPOS="986" VPOS="1212" WIDTH="799" HEIGHT="137">
						<String ID="P1_ST00519" HPOS="986" VPOS="1212" WIDTH="400" HEIGHT="137" CONTENT="Assembly" WC="1.00" CC="00250000"/>
						<SP ID="P1_SP00426" HPOS="1386" VPOS="1349" WIDTH="32"/>
						<String ID="P1_ST00520" HPOS="1418" VPOS="1212" WIDTH="367" HEIGHT="137" CONTENT="Required" WC="1.00" CC="10010001"/>
					</TextLine>
				</TextBlock>
				<TextBlock ID="P1_TB00016" HPOS="646" VPOS="3147" WIDTH="1505" HEIGHT="159" STYLEREFS="TXT_0 PAR_LEFT">
					<TextLine ID="P1_TL00095" HPOS="1814" VPOS="3147" WIDTH="337" HEIGHT="22">
						<String ID="P1_ST00521" HPOS="1814" VPOS="3148" WIDTH="54" HEIGHT="19" CONTENT="ELLE" WC="0.55" CC="6046"/>
						<SP ID="P1_SP00427" HPOS="1868" VPOS="3167" WIDTH="9"/>
						<String ID="P1_ST00522" HPOS="1877" VPOS="3148" WIDTH="112" HEIGHT="19" CONTENT="MALONEY" WC="0.75" CC="2511014"/>
						<SP ID="P1_SP00428" HPOS="1989" VPOS="3167" WIDTH="10"/>
						<String ID="P1_ST00523" HPOS="1999" VPOS="3147" WIDTH="8" HEIGHT="22" CONTENT="/" WC="0.37" CC="6"/>
						<SP ID="P1_SP00429" HPOS="2007" VPOS="3169" WIDTH="9"/>
						<String ID="P1_ST00524" HPOS="2016" VPOS="3149" WIDTH="63" HEIGHT="19" CONTENT="Photo" WC="0.98" CC="26024"/>
						<SP ID="P1_SP00430" HPOS="2079" VPOS="3169" WIDTH="8"/>
						<String ID="P1_ST00525" HPOS="2087" VPOS="3149" WIDTH="64" HEIGHT="19" CONTENT="editor" WC="0.98" CC="560406"/>
					</TextLine>
					<TextLine ID="P1_TL00096" HPOS="646" VPOS="3191" WIDTH="1349" HEIGHT="32">
						<String ID="P1_ST00526" HPOS="646" VPOS="3191" WIDTH="118" HEIGHT="26" CONTENT="Jessica" WC="1.00" CC="0000000"/>
						<SP ID="P1_SP00431" HPOS="764" VPOS="3217" WIDTH="14"/>
						<String ID="P1_ST00527" HPOS="778" VPOS="3191" WIDTH="114" HEIGHT="32" CONTENT="Strong," WC="0.99" CC="0200420"/>
						<SP ID="P1_SP00432" HPOS="892" VPOS="3223" WIDTH="13"/>
						<String ID="P1_ST00528" HPOS="905" VPOS="3191" WIDTH="116" HEIGHT="32" CONTENT="graphic" WC="1.00" CC="2020300"/>
						<SP ID="P1_SP00433" HPOS="1021" VPOS="3223" WIDTH="14"/>
						<String ID="P1_ST00529" HPOS="1035" VPOS="3191" WIDTH="102" HEIGHT="32" CONTENT="design" WC="1.00" CC="000000"/>
						<SP ID="P1_SP00434" HPOS="1137" VPOS="3223" WIDTH="11"/>
						<String ID="P1_ST00530" HPOS="1148" VPOS="3191" WIDTH="97" HEIGHT="32" CONTENT="junior," WC="1.00" CC="0600000"/>
						<SP ID="P1_SP00435" HPOS="1245" VPOS="3223" WIDTH="14"/>
						<String ID="P1_ST00531" HPOS="1259" VPOS="3191" WIDTH="55" HEIGHT="26" CONTENT="and" WC="0.99" CC="003"/>
						<SP ID="P1_SP00436" HPOS="1314" VPOS="3223" WIDTH="14"/>
						<String ID="P1_ST00532" HPOS="1328" VPOS="3191" WIDTH="82" HEIGHT="32" CONTENT="Lizzy" WC="0.99" CC="30003"/>
						<SP ID="P1_SP00437" HPOS="1410" VPOS="3223" WIDTH="15"/>
						<String ID="P1_ST00533" HPOS="1425" VPOS="3191" WIDTH="160" HEIGHT="32" CONTENT="Margiotta," WC="0.91" CC="3100000300"/>
						<SP ID="P1_SP00438" HPOS="1585" VPOS="3223" WIDTH="14"/>
						<String ID="P1_ST00534" HPOS="1599" VPOS="3191" WIDTH="117" HEIGHT="32" CONTENT="graphic" WC="0.99" CC="0232500"/>
						<SP ID="P1_SP00439" HPOS="1716" VPOS="3223" WIDTH="13"/>
						<String ID="P1_ST00535" HPOS="1729" VPOS="3191" WIDTH="103" HEIGHT="32" CONTENT="design" WC="1.00" CC="000000"/>
						<SP ID="P1_SP00440" HPOS="1832" VPOS="3223" WIDTH="12"/>
						<String ID="P1_ST00536" HPOS="1844" VPOS="3191" WIDTH="57" HEIGHT="25" CONTENT="and" WC="1.00" CC="000"/>
						<SP ID="P1_SP00441" HPOS="1901" VPOS="3223" WIDTH="14"/>
						<String ID="P1_ST00537" HPOS="1915" VPOS="3197" WIDTH="80" HEIGHT="20" CONTENT="mass" WC="1.00" CC="0000"/>
					</TextLine>
					<TextLine ID="P1_TL00097" HPOS="646" VPOS="3232" WIDTH="1490" HEIGHT="33">
						<String ID="P1_ST00538" HPOS="646" VPOS="3232" WIDTH="245" HEIGHT="27" CONTENT="communication" WC="1.00" CC="0000430020000"/>
						<SP ID="P1_SP00442" HPOS="891" VPOS="3259" WIDTH="14"/>
						<String ID="P1_ST00539" HPOS="905" VPOS="3233" WIDTH="100" HEIGHT="30" CONTENT="senior," WC="1.00" CC="0000300"/>
						<SP ID="P1_SP00443" HPOS="1005" VPOS="3263" WIDTH="14"/>
						<String ID="P1_ST00540" HPOS="1019" VPOS="3233" WIDTH="63" HEIGHT="26" CONTENT="sort" WC="0.98" CC="5300"/>
						<SP ID="P1_SP00444" HPOS="1082" VPOS="3263" WIDTH="12"/>
						<String ID="P1_ST00541" HPOS="1094" VPOS="3233" WIDTH="125" HEIGHT="32" CONTENT="through" WC="0.99" CC="0000540"/>
						<SP ID="P1_SP00445" HPOS="1219" VPOS="3265" WIDTH="13"/>
						<String ID="P1_ST00542" HPOS="1232" VPOS="3233" WIDTH="121" HEIGHT="26" CONTENT="student" WC="1.00" CC="0060100"/>
						<SP ID="P1_SP00446" HPOS="1353" VPOS="3265" WIDTH="13"/>
						<String ID="P1_ST00543" HPOS="1366" VPOS="3233" WIDTH="124" HEIGHT="25" CONTENT="artwork" WC="1.00" CC="0000000"/>
						<SP ID="P1_SP00447" HPOS="1490" VPOS="3265" WIDTH="12"/>
						<String ID="P1_ST00544" HPOS="1502" VPOS="3233" WIDTH="31" HEIGHT="25" CONTENT="to" WC="0.98" CC="00"/>
						<SP ID="P1_SP00448" HPOS="1533" VPOS="3265" WIDTH="13"/>
						<String ID="P1_ST00545" HPOS="1546" VPOS="3232" WIDTH="111" HEIGHT="33" CONTENT="display" WC="1.00" CC="0000500"/>
						<SP ID="P1_SP00449" HPOS="1657" VPOS="3265" WIDTH="13"/>
						<String ID="P1_ST00546" HPOS="1670" VPOS="3239" WIDTH="36" HEIGHT="19" CONTENT="on" WC="0.85" CC="20"/>
						<SP ID="P1_SP00450" HPOS="1706" VPOS="3265" WIDTH="13"/>
						<String ID="P1_ST00547" HPOS="1719" VPOS="3233" WIDTH="51" HEIGHT="25" CONTENT="the" WC="0.99" CC="002"/>
						<SP ID="P1_SP00451" HPOS="1770" VPOS="3265" WIDTH="13"/>
						<String ID="P1_ST00548" HPOS="1783" VPOS="3233" WIDTH="77" HEIGHT="25" CONTENT="walls" WC="0.98" CC="00550"/>
						<SP ID="P1_SP00452" HPOS="1860" VPOS="3265" WIDTH="12"/>
						<String ID="P1_ST00549" HPOS="1872" VPOS="3232" WIDTH="45" HEIGHT="26" CONTENT="for" WC="1.00" CC="001"/>
						<SP ID="P1_SP00453" HPOS="1917" VPOS="3265" WIDTH="12"/>
						<String ID="P1_ST00550" HPOS="1929" VPOS="3233" WIDTH="75" HEIGHT="25" CONTENT="their" WC="0.99" CC="00600"/>
						<SP ID="P1_SP00454" HPOS="2004" VPOS="3265" WIDTH="13"/>
						<String ID="P1_ST00551" HPOS="2017" VPOS="3234" WIDTH="80" HEIGHT="25" CONTENT="show" WC="0.99" CC="0040"/>
						<SP ID="P1_SP00455" HPOS="2097" VPOS="3265" WIDTH="14"/>
						<String ID="P1_ST00552" HPOS="2111" VPOS="3233" WIDTH="25" HEIGHT="25" CONTENT="in" WC="1.00" CC="00"/>
					</TextLine>
					<TextLine ID="P1_TL00098" HPOS="646" VPOS="3274" WIDTH="639" HEIGHT="32">
						<String ID="P1_ST00553" HPOS="646" VPOS="3275" WIDTH="51" HEIGHT="26" CONTENT="the" WC="1.00" CC="000"/>
						<SP ID="P1_SP00456" HPOS="697" VPOS="3301" WIDTH="14"/>
						<String ID="P1_ST00554" HPOS="711" VPOS="3275" WIDTH="97" HEIGHT="26" CONTENT="Danna" WC="1.00" CC="00000"/>
						<SP ID="P1_SP00457" HPOS="808" VPOS="3301" WIDTH="14"/>
						<String ID="P1_ST00555" HPOS="822" VPOS="3274" WIDTH="106" HEIGHT="27" CONTENT="Center" WC="0.99" CC="007000"/>
						<SP ID="P1_SP00458" HPOS="928" VPOS="3301" WIDTH="13"/>
						<String ID="P1_ST00556" HPOS="941" VPOS="3275" WIDTH="49" HEIGHT="26" CONTENT="Art" WC="1.00" CC="000"/>
						<SP ID="P1_SP00459" HPOS="990" VPOS="3301" WIDTH="14"/>
						<String ID="P1_ST00557" HPOS="1004" VPOS="3275" WIDTH="112" HEIGHT="31" CONTENT="Gallery" WC="1.00" CC="0000003"/>
						<SP ID="P1_SP00460" HPOS="1116" VPOS="3306" WIDTH="13"/>
						<String ID="P1_ST00558" HPOS="1129" VPOS="3281" WIDTH="36" HEIGHT="20" CONTENT="on" WC="0.68" CC="06"/>
						<SP ID="P1_SP00461" HPOS="1165" VPOS="3306" WIDTH="15"/>
						<String ID="P1_ST00559" HPOS="1180" VPOS="3275" WIDTH="66" HEIGHT="26" CONTENT="Dec." WC="1.00" CC="0001"/>
						<SP ID="P1_SP00462" HPOS="1246" VPOS="3306" WIDTH="13"/>
						<String ID="P1_ST00560" HPOS="1259" VPOS="3275" WIDTH="26" HEIGHT="26" CONTENT="9." WC="0.80" CC="40"/>
					</TextLine>
				</TextBlock>
				<TextBlock ID="P1_TB00017" HPOS="2247" VPOS="613" WIDTH="373" HEIGHT="546" STYLEREFS="TXT_0 PAR_BLOCK">
					<TextLine ID="P1_TL00099" HPOS="2263" VPOS="613" WIDTH="342" HEIGHT="117">
						<String ID="P1_ST00561" HPOS="2263" VPOS="613" WIDTH="342" HEIGHT="117" CONTENT="College" WC="0.99" CC="1612040"/>
					</TextLine>
					<TextLine ID="P1_TL00100" HPOS="2253" VPOS="757" WIDTH="359" HEIGHT="117">
						<String ID="P1_ST00562" HPOS="2253" VPOS="757" WIDTH="234" HEIGHT="117" CONTENT="plans" WC="0.98" CC="50423"/>
						<SP ID="P1_SP00463" HPOS="2487" VPOS="874" WIDTH="37"/>
						<String ID="P1_ST00563" HPOS="2524" VPOS="786" WIDTH="88" HEIGHT="58" CONTENT="to" WC="0.50" CC="45"/>
					</TextLine>
					<TextLine ID="P1_TL00101" HPOS="2275" VPOS="901" WIDTH="317" HEIGHT="117">
						<String ID="P1_ST00564" HPOS="2275" VPOS="901" WIDTH="317" HEIGHT="117" CONTENT="change" WC="0.99" CC="062050"/>
					</TextLine>
					<TextLine ID="P1_TL00102" HPOS="2247" VPOS="1044" WIDTH="373" HEIGHT="115">
						<String ID="P1_ST00565" HPOS="2247" VPOS="1044" WIDTH="373" HEIGHT="115" CONTENT="advising" WC="1.00" CC="02200100"/>
					</TextLine>
				</TextBlock>
				<TextBlock ID="P1_TB00018" HPOS="2296" VPOS="1202" WIDTH="270" HEIGHT="104" STYLEREFS="TXT_0 PAR_LEFT">
					<TextLine ID="P1_TL00103" HPOS="2299" VPOS="1202" WIDTH="265" HEIGHT="32">
						<String ID="P1_ST00566" HPOS="2299" VPOS="1203" WIDTH="41" HEIGHT="31" CONTENT="By" WC="1.00" CC="00"/>
						<SP ID="P1_SP00464" HPOS="2340" VPOS="1234" WIDTH="14"/>
						<String ID="P1_ST00567" HPOS="2354" VPOS="1202" WIDTH="210" HEIGHT="26" CONTENT="JEAN-PAUL" WC="1.00" CC="620000030"/>
					</TextLine>
					<TextLine ID="P1_TL00104" HPOS="2335" VPOS="1244" WIDTH="192" HEIGHT="27">
						<String ID="P1_ST00568" HPOS="2335" VPOS="1244" WIDTH="192" HEIGHT="27" CONTENT="ARGUELLO" WC="0.91" CC="00020400"/>
					</TextLine>
					<TextLine ID="P1_TL00105" HPOS="2325" VPOS="1284" WIDTH="212" HEIGHT="21">
						<String ID="P1_ST00569" HPOS="2325" VPOS="1284" WIDTH="73" HEIGHT="21" CONTENT="Senior" WC="0.98" CC="540160"/>
						<SP ID="P1_SP00465" HPOS="2398" VPOS="1305" WIDTH="7"/>
						<String ID="P1_ST00570" HPOS="2405" VPOS="1284" WIDTH="55" HEIGHT="20" CONTENT="Staff" WC="0.99" CC="20000"/>
						<SP ID="P1_SP00466" HPOS="2460" VPOS="1305" WIDTH="6"/>
						<String ID="P1_ST00571" HPOS="2466" VPOS="1284" WIDTH="71" HEIGHT="20" CONTENT="Writer" WC="0.99" CC="002440"/>
					</TextLine>
				</TextBlock>
				<TextBlock ID="P1_TB00019" HPOS="2191" VPOS="1352" WIDTH="475" HEIGHT="1886" STYLEREFS="TXT_0 PAR_BLOCK">
					<TextLine ID="P1_TL00106" HPOS="2237" VPOS="1352" WIDTH="428" HEIGHT="25">
						<String ID="P1_ST00572" HPOS="2237" VPOS="1354" WIDTH="47" HEIGHT="23" CONTENT="The" WC="1.00" CC="000"/>
						<SP ID="P1_SP00467" HPOS="2284" VPOS="1377" WIDTH="30"/>
						<String ID="P1_ST00573" HPOS="2314" VPOS="1354" WIDTH="96" HEIGHT="23" CONTENT="transfer" WC="0.99" CC="30326200"/>
						<SP ID="P1_SP00468" HPOS="2410" VPOS="1377" WIDTH="27"/>
						<String ID="P1_ST00574" HPOS="2437" VPOS="1353" WIDTH="28" HEIGHT="23" CONTENT="of" WC="0.77" CC="31"/>
						<SP ID="P1_SP00469" HPOS="2465" VPOS="1377" WIDTH="27"/>
						<String ID="P1_ST00575" HPOS="2492" VPOS="1360" WIDTH="27" HEIGHT="16" CONTENT="an" WC="0.91" CC="01"/>
						<SP ID="P1_SP00470" HPOS="2519" VPOS="1377" WIDTH="29"/>
						<String ID="P1_ST00576" HPOS="2548" VPOS="1352" WIDTH="117" HEIGHT="24" CONTENT="academic" WC="1.00" CC="00010400"/>
					</TextLine>
					<TextLine ID="P1_TL00107" HPOS="2194" VPOS="1391" WIDTH="472" HEIGHT="29">
						<String ID="P1_ST00577" HPOS="2194" VPOS="1392" WIDTH="123" HEIGHT="23" CONTENT="counselor" WC="1.00" CC="040000000"/>
						<SP ID="P1_SP00471" HPOS="2317" VPOS="1415" WIDTH="12"/>
						<String ID="P1_ST00578" HPOS="2329" VPOS="1396" WIDTH="24" HEIGHT="18" CONTENT="to" WC="1.00" CC="00"/>
						<SP ID="P1_SP00472" HPOS="2353" VPOS="1415" WIDTH="13"/>
						<String ID="P1_ST00579" HPOS="2366" VPOS="1392" WIDTH="93" HEIGHT="22" CONTENT="another" WC="0.99" CC="8054030"/>
						<SP ID="P1_SP00473" HPOS="2459" VPOS="1415" WIDTH="12"/>
						<String ID="P1_ST00580" HPOS="2471" VPOS="1392" WIDTH="141" HEIGHT="28" CONTENT="department" WC="1.00" CC="7305000000"/>
						<SP ID="P1_SP00474" HPOS="2612" VPOS="1420" WIDTH="14"/>
						<String ID="P1_ST00581" HPOS="2626" VPOS="1391" WIDTH="40" HEIGHT="22" CONTENT="has" WC="1.00" CC="000"/>
					</TextLine>
					<TextLine ID="P1_TL00108" HPOS="2195" VPOS="1429" WIDTH="471" HEIGHT="30">
						<String ID="P1_ST00582" HPOS="2195" VPOS="1430" WIDTH="40" HEIGHT="23" CONTENT="left" WC="0.98" CC="3005"/>
						<SP ID="P1_SP00475" HPOS="2235" VPOS="1453" WIDTH="18"/>
						<String ID="P1_ST00583" HPOS="2253" VPOS="1430" WIDTH="36" HEIGHT="22" CONTENT="the" WC="1.00" CC="000"/>
						<SP ID="P1_SP00476" HPOS="2289" VPOS="1453" WIDTH="17"/>
						<String ID="P1_ST00584" HPOS="2306" VPOS="1429" WIDTH="98" HEIGHT="30" CONTENT="College" WC="1.00" CC="0000000"/>
						<SP ID="P1_SP00477" HPOS="2404" VPOS="1459" WIDTH="17"/>
						<String ID="P1_ST00585" HPOS="2421" VPOS="1429" WIDTH="27" HEIGHT="22" CONTENT="of" WC="0.86" CC="20"/>
						<SP ID="P1_SP00478" HPOS="2448" VPOS="1459" WIDTH="15"/>
						<String ID="P1_ST00586" HPOS="2463" VPOS="1429" WIDTH="75" HEIGHT="23" CONTENT="Social" WC="0.99" CC="033004"/>
						<SP ID="P1_SP00479" HPOS="2538" VPOS="1459" WIDTH="20"/>
						<String ID="P1_ST00587" HPOS="2558" VPOS="1429" WIDTH="108" HEIGHT="22" CONTENT="Sciences" WC="0.99" CC="00334600"/>
					</TextLine>
					<TextLine ID="P1_TL00109" HPOS="2194" VPOS="1466" WIDTH="471" HEIGHT="30">
						<String ID="P1_ST00588" HPOS="2194" VPOS="1468" WIDTH="55" HEIGHT="22" CONTENT="with" WC="0.98" CC="6030"/>
						<SP ID="P1_SP00480" HPOS="2249" VPOS="1490" WIDTH="12"/>
						<String ID="P1_ST00589" HPOS="2261" VPOS="1475" WIDTH="13" HEIGHT="15" CONTENT="a" WC="1.00" CC="0"/>
						<SP ID="P1_SP00481" HPOS="2274" VPOS="1490" WIDTH="13"/>
						<String ID="P1_ST00590" HPOS="2287" VPOS="1468" WIDTH="56" HEIGHT="22" CONTENT="need" WC="0.99" CC="4200"/>
						<SP ID="P1_SP00482" HPOS="2343" VPOS="1490" WIDTH="13"/>
						<String ID="P1_ST00591" HPOS="2356" VPOS="1471" WIDTH="23" HEIGHT="18" CONTENT="to" WC="1.00" CC="00"/>
						<SP ID="P1_SP00483" HPOS="2379" VPOS="1490" WIDTH="13"/>
						<String ID="P1_ST00592" HPOS="2392" VPOS="1467" WIDTH="31" HEIGHT="22" CONTENT="fill" WC="0.97" CC="7600"/>
						<SP ID="P1_SP00484" HPOS="2423" VPOS="1490" WIDTH="13"/>
						<String ID="P1_ST00593" HPOS="2436" VPOS="1467" WIDTH="93" HEIGHT="29" CONTENT="quickly" WC="0.99" CC="6000203"/>
						<SP ID="P1_SP00485" HPOS="2529" VPOS="1496" WIDTH="13"/>
						<String ID="P1_ST00594" HPOS="2542" VPOS="1474" WIDTH="12" HEIGHT="15" CONTENT="a" WC="1.00" CC="0"/>
						<SP ID="P1_SP00486" HPOS="2554" VPOS="1496" WIDTH="12"/>
						<String ID="P1_ST00595" HPOS="2566" VPOS="1466" WIDTH="99" HEIGHT="29" CONTENT="position" WC="1.00" CC="06000004"/>
					</TextLine>
					<TextLine ID="P1_TL00110" HPOS="2194" VPOS="1504" WIDTH="471" HEIGHT="30">
						<String ID="P1_ST00596" HPOS="2194" VPOS="1506" WIDTH="37" HEIGHT="22" CONTENT="the" WC="0.99" CC="300"/>
						<SP ID="P1_SP00487" HPOS="2231" VPOS="1528" WIDTH="30"/>
						<String ID="P1_ST00597" HPOS="2261" VPOS="1506" WIDTH="58" HEIGHT="22" CONTENT="dean" WC="1.00" CC="0100"/>
						<SP ID="P1_SP00488" HPOS="2319" VPOS="1528" WIDTH="31"/>
						<String ID="P1_ST00598" HPOS="2350" VPOS="1505" WIDTH="49" HEIGHT="22" CONTENT="said" WC="0.97" CC="8030"/>
						<SP ID="P1_SP00489" HPOS="2399" VPOS="1528" WIDTH="31"/>
						<String ID="P1_ST00599" HPOS="2430" VPOS="1505" WIDTH="51" HEIGHT="29" CONTENT="they" WC="0.99" CC="0004"/>
						<SP ID="P1_SP00490" HPOS="2481" VPOS="1534" WIDTH="32"/>
						<String ID="P1_ST00600" HPOS="2513" VPOS="1504" WIDTH="65" HEIGHT="23" CONTENT="don't" WC="0.99" CC="04030"/>
						<SP ID="P1_SP00491" HPOS="2578" VPOS="1534" WIDTH="30"/>
						<String ID="P1_ST00601" HPOS="2608" VPOS="1504" WIDTH="57" HEIGHT="29" CONTENT="fully" WC="0.99" CC="50000"/>
					</TextLine>
					<TextLine ID="P1_TL00111" HPOS="2195" VPOS="1543" WIDTH="190" HEIGHT="29">
						<String ID="P1_ST00602" HPOS="2195" VPOS="1543" WIDTH="137" HEIGHT="23" CONTENT="understand" WC="1.00" CC="0000090000"/>
						<SP ID="P1_SP00492" HPOS="2332" VPOS="1566" WIDTH="10"/>
						<String ID="P1_ST00603" HPOS="2342" VPOS="1547" WIDTH="43" HEIGHT="25" CONTENT="yet." WC="1.00" CC="0000"/>
					</TextLine>
					<TextLine ID="P1_TL00112" HPOS="2236" VPOS="1581" WIDTH="430" HEIGHT="24">
						<String ID="P1_ST00604" HPOS="2236" VPOS="1581" WIDTH="49" HEIGHT="22" CONTENT="Teri" WC="0.88" CC="4000"/>
						<SP ID="P1_SP00493" HPOS="2285" VPOS="1603" WIDTH="46"/>
						<String ID="P1_ST00605" HPOS="2331" VPOS="1581" WIDTH="123" HEIGHT="24" CONTENT="Berthelot," WC="0.89" CC="0000000360"/>
						<SP ID="P1_SP00494" HPOS="2454" VPOS="1605" WIDTH="45"/>
						<String ID="P1_ST00606" HPOS="2499" VPOS="1581" WIDTH="37" HEIGHT="22" CONTENT="the" WC="1.00" CC="000"/>
						<SP ID="P1_SP00495" HPOS="2536" VPOS="1605" WIDTH="45"/>
						<String ID="P1_ST00607" HPOS="2581" VPOS="1581" WIDTH="85" HEIGHT="22" CONTENT="former" WC="1.00" CC="030000"/>
					</TextLine>
					<TextLine ID="P1_TL00113" HPOS="2194" VPOS="1618" WIDTH="470" HEIGHT="29">
						<String ID="P1_ST00608" HPOS="2194" VPOS="1619" WIDTH="117" HEIGHT="23" CONTENT="academic" WC="0.99" CC="07000037"/>
						<SP ID="P1_SP00496" HPOS="2311" VPOS="1642" WIDTH="16"/>
						<String ID="P1_ST00609" HPOS="2327" VPOS="1619" WIDTH="123" HEIGHT="23" CONTENT="counselor" WC="0.99" CC="706700190"/>
						<SP ID="P1_SP00497" HPOS="2450" VPOS="1642" WIDTH="16"/>
						<String ID="P1_ST00610" HPOS="2466" VPOS="1619" WIDTH="35" HEIGHT="22" CONTENT="for" WC="0.97" CC="080"/>
						<SP ID="P1_SP00498" HPOS="2501" VPOS="1642" WIDTH="15"/>
						<String ID="P1_ST00611" HPOS="2516" VPOS="1619" WIDTH="36" HEIGHT="22" CONTENT="the" WC="0.99" CC="003"/>
						<SP ID="P1_SP00499" HPOS="2552" VPOS="1642" WIDTH="16"/>
						<String ID="P1_ST00612" HPOS="2568" VPOS="1618" WIDTH="96" HEIGHT="29" CONTENT="college," WC="0.98" CC="68300900"/>
					</TextLine>
					<TextLine ID="P1_TL00114" HPOS="2194" VPOS="1656" WIDTH="471" HEIGHT="30">
						<String ID="P1_ST00613" HPOS="2194" VPOS="1658" WIDTH="40" HEIGHT="22" CONTENT="has" WC="0.99" CC="003"/>
						<SP ID="P1_SP00500" HPOS="2234" VPOS="1680" WIDTH="19"/>
						<String ID="P1_ST00614" HPOS="2253" VPOS="1658" WIDTH="67" HEIGHT="22" CONTENT="taken" WC="0.99" CC="60030"/>
						<SP ID="P1_SP00501" HPOS="2320" VPOS="1680" WIDTH="18"/>
						<String ID="P1_ST00615" HPOS="2338" VPOS="1664" WIDTH="12" HEIGHT="15" CONTENT="a" WC="1.00" CC="0"/>
						<SP ID="P1_SP00502" HPOS="2350" VPOS="1680" WIDTH="20"/>
						<String ID="P1_ST00616" HPOS="2370" VPOS="1657" WIDTH="79" HEIGHT="29" CONTENT="higher" WC="0.99" CC="050500"/>
						<SP ID="P1_SP00503" HPOS="2449" VPOS="1686" WIDTH="18"/>
						<String ID="P1_ST00617" HPOS="2467" VPOS="1656" WIDTH="100" HEIGHT="30" CONTENT="position" WC="1.00" CC="04001000"/>
						<SP ID="P1_SP00504" HPOS="2567" VPOS="1686" WIDTH="19"/>
						<String ID="P1_ST00618" HPOS="2586" VPOS="1663" WIDTH="24" HEIGHT="15" CONTENT="as" WC="0.33" CC="39"/>
						<SP ID="P1_SP00505" HPOS="2610" VPOS="1686" WIDTH="19"/>
						<String ID="P1_ST00619" HPOS="2629" VPOS="1656" WIDTH="36" HEIGHT="22" CONTENT="the" WC="1.00" CC="000"/>
					</TextLine>
					<TextLine ID="P1_TL00115" HPOS="2195" VPOS="1694" WIDTH="469" HEIGHT="29">
						<String ID="P1_ST00620" HPOS="2195" VPOS="1695" WIDTH="126" HEIGHT="22" CONTENT="Academic" WC="1.00" CC="07000000"/>
						<SP ID="P1_SP00506" HPOS="2321" VPOS="1717" WIDTH="21"/>
						<String ID="P1_ST00621" HPOS="2342" VPOS="1695" WIDTH="130" HEIGHT="23" CONTENT="Counselor" WC="1.00" CC="020001300"/>
						<SP ID="P1_SP00507" HPOS="2472" VPOS="1718" WIDTH="21"/>
						<String ID="P1_ST00622" HPOS="2493" VPOS="1694" WIDTH="44" HEIGHT="23" CONTENT="arid" WC="0.98" CC="0260"/>
						<SP ID="P1_SP00508" HPOS="2537" VPOS="1718" WIDTH="22"/>
						<String ID="P1_ST00623" HPOS="2559" VPOS="1695" WIDTH="105" HEIGHT="28" CONTENT="Program" WC="0.98" CC="6098400"/>
					</TextLine>
					<TextLine ID="P1_TL00116" HPOS="2194" VPOS="1731" WIDTH="467" HEIGHT="30">
						<String ID="P1_ST00624" HPOS="2194" VPOS="1733" WIDTH="153" HEIGHT="23" CONTENT="Coordinator" WC="1.00" CC="00400100310"/>
						<SP ID="P1_SP00509" HPOS="2347" VPOS="1756" WIDTH="9"/>
						<String ID="P1_ST00625" HPOS="2356" VPOS="1732" WIDTH="21" HEIGHT="22" CONTENT="in" WC="1.00" CC="00"/>
						<SP ID="P1_SP00510" HPOS="2377" VPOS="1756" WIDTH="11"/>
						<String ID="P1_ST00626" HPOS="2388" VPOS="1732" WIDTH="36" HEIGHT="23" CONTENT="the" WC="1.00" CC="000"/>
						<SP ID="P1_SP00511" HPOS="2424" VPOS="1756" WIDTH="11"/>
						<String ID="P1_ST00627" HPOS="2435" VPOS="1732" WIDTH="103" HEIGHT="29" CONTENT="Evening" WC="1.00" CC="0000020"/>
						<SP ID="P1_SP00512" HPOS="2538" VPOS="1761" WIDTH="11"/>
						<String ID="P1_ST00628" HPOS="2549" VPOS="1731" WIDTH="112" HEIGHT="23" CONTENT="Division." WC="0.99" CC="040310800"/>
					</TextLine>
					<TextLine ID="P1_TL00117" HPOS="2236" VPOS="1769" WIDTH="428" HEIGHT="25">
						<String ID="P1_ST00629" HPOS="2236" VPOS="1771" WIDTH="56" HEIGHT="22" CONTENT="That" WC="0.99" CC="3000"/>
						<SP ID="P1_SP00513" HPOS="2292" VPOS="1793" WIDTH="14"/>
						<String ID="P1_ST00630" HPOS="2306" VPOS="1771" WIDTH="38" HEIGHT="22" CONTENT="left" WC="0.97" CC="3351"/>
						<SP ID="P1_SP00514" HPOS="2344" VPOS="1793" WIDTH="14"/>
						<String ID="P1_ST00631" HPOS="2358" VPOS="1770" WIDTH="53" HEIGHT="23" CONTENT="Luis" WC="0.99" CC="2000"/>
						<SP ID="P1_SP00515" HPOS="2411" VPOS="1793" WIDTH="14"/>
						<String ID="P1_ST00632" HPOS="2425" VPOS="1770" WIDTH="84" HEIGHT="24" CONTENT="Miron," WC="0.87" CC="430000"/>
						<SP ID="P1_SP00516" HPOS="2509" VPOS="1794" WIDTH="12"/>
						<String ID="P1_ST00633" HPOS="2521" VPOS="1770" WIDTH="58" HEIGHT="22" CONTENT="dean" WC="1.00" CC="0000"/>
						<SP ID="P1_SP00517" HPOS="2579" VPOS="1794" WIDTH="12"/>
						<String ID="P1_ST00634" HPOS="2591" VPOS="1769" WIDTH="28" HEIGHT="23" CONTENT="of" WC="0.82" CC="30"/>
						<SP ID="P1_SP00518" HPOS="2619" VPOS="1794" WIDTH="10"/>
						<String ID="P1_ST00635" HPOS="2629" VPOS="1769" WIDTH="35" HEIGHT="22" CONTENT="the" WC="0.98" CC="400"/>
					</TextLine>
					<TextLine ID="P1_TL00118" HPOS="2194" VPOS="1807" WIDTH="471" HEIGHT="30">
						<String ID="P1_ST00636" HPOS="2194" VPOS="1808" WIDTH="96" HEIGHT="29" CONTENT="College" WC="0.99" CC="0422000"/>
						<SP ID="P1_SP00519" HPOS="2290" VPOS="1837" WIDTH="8"/>
						<String ID="P1_ST00637" HPOS="2298" VPOS="1808" WIDTH="27" HEIGHT="22" CONTENT="of" WC="0.63" CC="06"/>
						<SP ID="P1_SP00520" HPOS="2325" VPOS="1837" WIDTH="6"/>
						<String ID="P1_ST00638" HPOS="2331" VPOS="1808" WIDTH="76" HEIGHT="22" CONTENT="Social" WC="0.99" CC="200605"/>
						<SP ID="P1_SP00521" HPOS="2407" VPOS="1837" WIDTH="8"/>
						<String ID="P1_ST00639" HPOS="2415" VPOS="1807" WIDTH="116" HEIGHT="26" CONTENT="Sciences," WC="1.00" CC="030014000"/>
						<SP ID="P1_SP00522" HPOS="2531" VPOS="1837" WIDTH="9"/>
						<String ID="P1_ST00640" HPOS="2540" VPOS="1807" WIDTH="43" HEIGHT="23" CONTENT="and" WC="0.97" CC="007"/>
						<SP ID="P1_SP00523" HPOS="2583" VPOS="1837" WIDTH="9"/>
						<String ID="P1_ST00641" HPOS="2592" VPOS="1807" WIDTH="73" HEIGHT="28" CONTENT="Philip" WC="1.00" CC="500000"/>
					</TextLine>
					<TextLine ID="P1_TL00119" HPOS="2194" VPOS="1845" WIDTH="472" HEIGHT="30">
						<String ID="P1_ST00642" HPOS="2194" VPOS="1846" WIDTH="77" HEIGHT="29" CONTENT="Frady," WC="0.75" CC="400090"/>
						<SP ID="P1_SP00524" HPOS="2271" VPOS="1875" WIDTH="6"/>
						<String ID="P1_ST00643" HPOS="2277" VPOS="1846" WIDTH="113" HEIGHT="22" CONTENT="associate" WC="0.99" CC="096001040"/>
						<SP ID="P1_SP00525" HPOS="2390" VPOS="1875" WIDTH="7"/>
						<String ID="P1_ST00644" HPOS="2397" VPOS="1846" WIDTH="57" HEIGHT="22" CONTENT="dean" WC="1.00" CC="0200"/>
						<SP ID="P1_SP00526" HPOS="2454" VPOS="1875" WIDTH="7"/>
						<String ID="P1_ST00645" HPOS="2461" VPOS="1846" WIDTH="28" HEIGHT="22" CONTENT="of" WC="0.78" CC="40"/>
						<SP ID="P1_SP00527" HPOS="2489" VPOS="1875" WIDTH="4"/>
						<String ID="P1_ST00646" HPOS="2493" VPOS="1846" WIDTH="37" HEIGHT="22" CONTENT="the" WC="0.98" CC="500"/>
						<SP ID="P1_SP00528" HPOS="2530" VPOS="1875" WIDTH="7"/>
						<String ID="P1_ST00647" HPOS="2537" VPOS="1846" WIDTH="96" HEIGHT="28" CONTENT="College" WC="1.00" CC="0040000"/>
						<SP ID="P1_SP00529" HPOS="2633" VPOS="1875" WIDTH="7"/>
						<String ID="P1_ST00648" HPOS="2640" VPOS="1845" WIDTH="26" HEIGHT="23" CONTENT="of" WC="0.90" CC="02"/>
					</TextLine>
					<TextLine ID="P1_TL00120" HPOS="2194" VPOS="1884" WIDTH="470" HEIGHT="24">
						<String ID="P1_ST00649" HPOS="2194" VPOS="1885" WIDTH="75" HEIGHT="22" CONTENT="Social" WC="0.98" CC="425400"/>
						<SP ID="P1_SP00530" HPOS="2269" VPOS="1907" WIDTH="14"/>
						<String ID="P1_ST00650" HPOS="2283" VPOS="1885" WIDTH="116" HEIGHT="23" CONTENT="Sciences," WC="0.99" CC="036057000"/>
						<SP ID="P1_SP00531" HPOS="2399" VPOS="1908" WIDTH="14"/>
						<String ID="P1_ST00651" HPOS="2413" VPOS="1885" WIDTH="21" HEIGHT="21" CONTENT="in" WC="0.77" CC="22"/>
						<SP ID="P1_SP00532" HPOS="2434" VPOS="1908" WIDTH="14"/>
						<String ID="P1_ST00652" HPOS="2448" VPOS="1884" WIDTH="57" HEIGHT="23" CONTENT="need" WC="0.96" CC="5048"/>
						<SP ID="P1_SP00533" HPOS="2505" VPOS="1908" WIDTH="12"/>
						<String ID="P1_ST00653" HPOS="2517" VPOS="1884" WIDTH="27" HEIGHT="22" CONTENT="of" WC="0.81" CC="30"/>
						<SP ID="P1_SP00534" HPOS="2544" VPOS="1908" WIDTH="11"/>
						<String ID="P1_ST00654" HPOS="2555" VPOS="1890" WIDTH="109" HEIGHT="16" CONTENT="someone" WC="0.99" CC="3302000"/>
					</TextLine>
					<TextLine ID="P1_TL00121" HPOS="2193" VPOS="1921" WIDTH="471" HEIGHT="24">
						<String ID="P1_ST00655" HPOS="2193" VPOS="1927" WIDTH="23" HEIGHT="18" CONTENT="to" WC="0.84" CC="03"/>
						<SP ID="P1_SP00535" HPOS="2216" VPOS="1945" WIDTH="15"/>
						<String ID="P1_ST00656" HPOS="2231" VPOS="1923" WIDTH="51" HEIGHT="22" CONTENT="take" WC="0.99" CC="3000"/>
						<SP ID="P1_SP00536" HPOS="2282" VPOS="1945" WIDTH="16"/>
						<String ID="P1_ST00657" HPOS="2298" VPOS="1929" WIDTH="29" HEIGHT="15" CONTENT="on" WC="0.53" CC="54"/>
						<SP ID="P1_SP00537" HPOS="2327" VPOS="1945" WIDTH="17"/>
						<String ID="P1_ST00658" HPOS="2344" VPOS="1922" WIDTH="37" HEIGHT="22" CONTENT="the" WC="1.00" CC="000"/>
						<SP ID="P1_SP00538" HPOS="2381" VPOS="1945" WIDTH="16"/>
						<String ID="P1_ST00659" HPOS="2397" VPOS="1922" WIDTH="74" HEIGHT="22" CONTENT="duties" WC="0.99" CC="000009"/>
						<SP ID="P1_SP00539" HPOS="2471" VPOS="1945" WIDTH="16"/>
						<String ID="P1_ST00660" HPOS="2487" VPOS="1922" WIDTH="45" HEIGHT="22" CONTENT="that" WC="0.99" CC="0007"/>
						<SP ID="P1_SP00540" HPOS="2532" VPOS="1945" WIDTH="18"/>
						<String ID="P1_ST00661" HPOS="2550" VPOS="1921" WIDTH="114" HEIGHT="22" CONTENT="Berthelot" WC="0.79" CC="004400053"/>
					</TextLine>
					<TextLine ID="P1_TL00122" HPOS="2194" VPOS="1959" WIDTH="469" HEIGHT="30">
						<String ID="P1_ST00662" HPOS="2194" VPOS="1960" WIDTH="128" HEIGHT="29" CONTENT="performed" WC="1.00" CC="000000000"/>
						<SP ID="P1_SP00541" HPOS="2322" VPOS="1989" WIDTH="35"/>
						<String ID="P1_ST00663" HPOS="2357" VPOS="1967" WIDTH="25" HEIGHT="15" CONTENT="as" WC="0.81" CC="30"/>
						<SP ID="P1_SP00542" HPOS="2382" VPOS="1989" WIDTH="33"/>
						<String ID="P1_ST00664" HPOS="2415" VPOS="1960" WIDTH="117" HEIGHT="22" CONTENT="academic" WC="0.99" CC="00004007"/>
						<SP ID="P1_SP00543" HPOS="2532" VPOS="1989" WIDTH="35"/>
						<String ID="P1_ST00665" HPOS="2567" VPOS="1959" WIDTH="96" HEIGHT="22" CONTENT="advisor." WC="1.00" CC="07000030"/>
					</TextLine>
					<TextLine ID="P1_TL00123" HPOS="2194" VPOS="1997" WIDTH="470" HEIGHT="30">
						<String ID="P1_ST00666" HPOS="2194" VPOS="1999" WIDTH="45" HEIGHT="21" CONTENT="Her" WC="0.98" CC="400"/>
						<SP ID="P1_SP00544" HPOS="2239" VPOS="2020" WIDTH="22"/>
						<String ID="P1_ST00667" HPOS="2261" VPOS="1997" WIDTH="190" HEIGHT="30" CONTENT="responsibilities" WC="0.99" CC="0005609450720040"/>
						<SP ID="P1_SP00545" HPOS="2451" VPOS="2027" WIDTH="24"/>
						<String ID="P1_ST00668" HPOS="2475" VPOS="1997" WIDTH="106" HEIGHT="22" CONTENT="included" WC="1.00" CC="10420000"/>
						<SP ID="P1_SP00546" HPOS="2581" VPOS="2027" WIDTH="22"/>
						<String ID="P1_ST00669" HPOS="2603" VPOS="1997" WIDTH="61" HEIGHT="22" CONTENT="tasks" WC="0.99" CC="00008"/>
					</TextLine>
					<TextLine ID="P1_TL00124" HPOS="2194" VPOS="2034" WIDTH="470" HEIGHT="30">
						<String ID="P1_ST00670" HPOS="2194" VPOS="2036" WIDTH="118" HEIGHT="28" CONTENT="involving" WC="0.99" CC="350300200"/>
						<SP ID="P1_SP00547" HPOS="2312" VPOS="2064" WIDTH="16"/>
						<String ID="P1_ST00671" HPOS="2328" VPOS="2035" WIDTH="90" HEIGHT="22" CONTENT="student" WC="1.00" CC="0230010"/>
						<SP ID="P1_SP00548" HPOS="2418" VPOS="2064" WIDTH="16"/>
						<String ID="P1_ST00672" HPOS="2434" VPOS="2035" WIDTH="98" HEIGHT="24" CONTENT="records," WC="0.99" CC="00030800"/>
						<SP ID="P1_SP00549" HPOS="2532" VPOS="2064" WIDTH="17"/>
						<String ID="P1_ST00673" HPOS="2549" VPOS="2034" WIDTH="115" HEIGHT="29" CONTENT="petitions," WC="1.00" CC="0100100005"/>
					</TextLine>
					<TextLine ID="P1_TL00125" HPOS="2193" VPOS="2072" WIDTH="471" HEIGHT="30">
						<String ID="P1_ST00674" HPOS="2193" VPOS="2073" WIDTH="92" HEIGHT="29" CONTENT="helping" WC="0.99" CC="0020360"/>
						<SP ID="P1_SP00550" HPOS="2285" VPOS="2102" WIDTH="11"/>
						<String ID="P1_ST00675" HPOS="2296" VPOS="2073" WIDTH="102" HEIGHT="22" CONTENT="students" WC="0.99" CC="92100007"/>
						<SP ID="P1_SP00551" HPOS="2398" VPOS="2102" WIDTH="10"/>
						<String ID="P1_ST00676" HPOS="2408" VPOS="2073" WIDTH="54" HEIGHT="22" CONTENT="with" WC="1.00" CC="0000"/>
						<SP ID="P1_SP00552" HPOS="2462" VPOS="2102" WIDTH="10"/>
						<String ID="P1_ST00677" HPOS="2472" VPOS="2072" WIDTH="87" HEIGHT="23" CONTENT="classes" WC="1.00" CC="5000020"/>
						<SP ID="P1_SP00553" HPOS="2559" VPOS="2102" WIDTH="10"/>
						<String ID="P1_ST00678" HPOS="2569" VPOS="2077" WIDTH="21" HEIGHT="17" CONTENT="at" WC="0.73" CC="05"/>
						<SP ID="P1_SP00554" HPOS="2590" VPOS="2102" WIDTH="9"/>
						<String ID="P1_ST00679" HPOS="2599" VPOS="2072" WIDTH="65" HEIGHT="22" CONTENT="other" WC="0.99" CC="60011"/>
					</TextLine>
					<TextLine ID="P1_TL00126" HPOS="2193" VPOS="2111" WIDTH="471" HEIGHT="28">
						<String ID="P1_ST00680" HPOS="2193" VPOS="2111" WIDTH="144" HEIGHT="22" CONTENT="universities" WC="1.00" CC="044000910410"/>
						<SP ID="P1_SP00555" HPOS="2337" VPOS="2133" WIDTH="25"/>
						<String ID="P1_ST00681" HPOS="2362" VPOS="2111" WIDTH="43" HEIGHT="22" CONTENT="and" WC="0.97" CC="800"/>
						<SP ID="P1_SP00556" HPOS="2405" VPOS="2133" WIDTH="26"/>
						<String ID="P1_ST00682" HPOS="2431" VPOS="2111" WIDTH="105" HEIGHT="28" CONTENT="advising" WC="0.99" CC="00009006"/>
						<SP ID="P1_SP00557" HPOS="2536" VPOS="2139" WIDTH="26"/>
						<String ID="P1_ST00683" HPOS="2562" VPOS="2111" WIDTH="102" HEIGHT="22" CONTENT="students" WC="0.99" CC="90000050"/>
					</TextLine>
					<TextLine ID="P1_TL00127" HPOS="2194" VPOS="2149" WIDTH="310" HEIGHT="28">
						<String ID="P1_ST00684" HPOS="2194" VPOS="2149" WIDTH="94" HEIGHT="22" CONTENT="without" WC="1.00" CC="0140000"/>
						<SP ID="P1_SP00558" HPOS="2288" VPOS="2171" WIDTH="10"/>
						<String ID="P1_ST00685" HPOS="2298" VPOS="2149" WIDTH="106" HEIGHT="22" CONTENT="declared" WC="0.99" CC="93040006"/>
						<SP ID="P1_SP00559" HPOS="2404" VPOS="2171" WIDTH="10"/>
						<String ID="P1_ST00686" HPOS="2414" VPOS="2149" WIDTH="90" HEIGHT="28" CONTENT="majors." WC="0.98" CC="9051060"/>
					</TextLine>
					<TextLine ID="P1_TL00128" HPOS="2235" VPOS="2186" WIDTH="429" HEIGHT="29">
						<String ID="P1_ST00687" HPOS="2235" VPOS="2187" WIDTH="31" HEIGHT="21" CONTENT="To" WC="1.00" CC="00"/>
						<SP ID="P1_SP00560" HPOS="2266" VPOS="2208" WIDTH="40"/>
						<String ID="P1_ST00688" HPOS="2306" VPOS="2187" WIDTH="93" HEIGHT="28" CONTENT="remedy" WC="0.98" CC="040089"/>
						<SP ID="P1_SP00561" HPOS="2399" VPOS="2215" WIDTH="42"/>
						<String ID="P1_ST00689" HPOS="2441" VPOS="2187" WIDTH="35" HEIGHT="21" CONTENT="the" WC="0.95" CC="084"/>
						<SP ID="P1_SP00562" HPOS="2476" VPOS="2215" WIDTH="42"/>
						<String ID="P1_ST00690" HPOS="2518" VPOS="2186" WIDTH="68" HEIGHT="24" CONTENT="issue," WC="0.99" CC="290200"/>
						<SP ID="P1_SP00563" HPOS="2586" VPOS="2215" WIDTH="42"/>
						<String ID="P1_ST00691" HPOS="2628" VPOS="2186" WIDTH="36" HEIGHT="21" CONTENT="the" WC="0.98" CC="060"/>
					</TextLine>
					<TextLine ID="P1_TL00129" HPOS="2191" VPOS="2223" WIDTH="471" HEIGHT="29">
						<String ID="P1_ST00692" HPOS="2191" VPOS="2224" WIDTH="80" HEIGHT="22" CONTENT="dean's" WC="0.99" CC="750020"/>
						<SP ID="P1_SP00564" HPOS="2271" VPOS="2246" WIDTH="16"/>
						<String ID="P1_ST00693" HPOS="2287" VPOS="2223" WIDTH="71" HEIGHT="24" CONTENT="office" WC="0.98" CC="520071"/>
						<SP ID="P1_SP00565" HPOS="2358" VPOS="2247" WIDTH="18"/>
						<String ID="P1_ST00694" HPOS="2376" VPOS="2224" WIDTH="45" HEIGHT="22" CONTENT="will" WC="0.99" CC="0040"/>
						<SP ID="P1_SP00566" HPOS="2421" VPOS="2247" WIDTH="20"/>
						<String ID="P1_ST00695" HPOS="2441" VPOS="2224" WIDTH="27" HEIGHT="22" CONTENT="be" WC="0.23" CC="77"/>
						<SP ID="P1_SP00567" HPOS="2468" VPOS="2247" WIDTH="17"/>
						<String ID="P1_ST00696" HPOS="2485" VPOS="2223" WIDTH="130" HEIGHT="29" CONTENT="delegating" WC="0.99" CC="0607000009"/>
						<SP ID="P1_SP00568" HPOS="2615" VPOS="2252" WIDTH="18"/>
						<String ID="P1_ST00697" HPOS="2633" VPOS="2223" WIDTH="29" HEIGHT="22" CONTENT="all" WC="0.99" CC="001"/>
					</TextLine>
					<TextLine ID="P1_TL00130" HPOS="2192" VPOS="2261" WIDTH="472" HEIGHT="29">
						<String ID="P1_ST00698" HPOS="2192" VPOS="2262" WIDTH="178" HEIGHT="28" CONTENT="undergraduate" WC="1.00" CC="3006000004004"/>
						<SP ID="P1_SP00569" HPOS="2370" VPOS="2290" WIDTH="9"/>
						<String ID="P1_ST00699" HPOS="2379" VPOS="2262" WIDTH="89" HEIGHT="21" CONTENT="student" WC="0.98" CC="7000752"/>
						<SP ID="P1_SP00570" HPOS="2468" VPOS="2290" WIDTH="8"/>
						<String ID="P1_ST00700" HPOS="2476" VPOS="2261" WIDTH="105" HEIGHT="28" CONTENT="advising" WC="1.00" CC="00000009"/>
						<SP ID="P1_SP00571" HPOS="2581" VPOS="2290" WIDTH="8"/>
						<String ID="P1_ST00701" HPOS="2589" VPOS="2261" WIDTH="75" HEIGHT="22" CONTENT="duties" WC="1.00" CC="000020"/>
					</TextLine>
					<TextLine ID="P1_TL00131" HPOS="2191" VPOS="2299" WIDTH="475" HEIGHT="29">
						<String ID="P1_ST00702" HPOS="2191" VPOS="2304" WIDTH="23" HEIGHT="18" CONTENT="to" WC="0.32" CC="49"/>
						<SP ID="P1_SP00572" HPOS="2214" VPOS="2322" WIDTH="14"/>
						<String ID="P1_ST00703" HPOS="2228" VPOS="2299" WIDTH="37" HEIGHT="22" CONTENT="the" WC="0.98" CC="041"/>
						<SP ID="P1_SP00573" HPOS="2265" VPOS="2322" WIDTH="16"/>
						<String ID="P1_ST00704" HPOS="2281" VPOS="2299" WIDTH="85" HEIGHT="29" CONTENT="faculty" WC="0.98" CC="0570669"/>
						<SP ID="P1_SP00574" HPOS="2366" VPOS="2328" WIDTH="14"/>
						<String ID="P1_ST00705" HPOS="2380" VPOS="2299" WIDTH="28" HEIGHT="22" CONTENT="of" WC="0.45" CC="55"/>
						<SP ID="P1_SP00575" HPOS="2408" VPOS="2328" WIDTH="12"/>
						<String ID="P1_ST00706" HPOS="2420" VPOS="2299" WIDTH="37" HEIGHT="22" CONTENT="the" WC="0.95" CC="166"/>
						<SP ID="P1_SP00576" HPOS="2457" VPOS="2328" WIDTH="14"/>
						<String ID="P1_ST00707" HPOS="2471" VPOS="2299" WIDTH="154" HEIGHT="29" CONTENT="departments" WC="0.99" CC="90000504130"/>
						<SP ID="P1_SP00577" HPOS="2625" VPOS="2328" WIDTH="14"/>
						<String ID="P1_ST00708" HPOS="2639" VPOS="2299" WIDTH="27" HEIGHT="22" CONTENT="of" WC="0.98" CC="00"/>
					</TextLine>
					<TextLine ID="P1_TL00132" HPOS="2192" VPOS="2337" WIDTH="474" HEIGHT="30">
						<String ID="P1_ST00709" HPOS="2192" VPOS="2337" WIDTH="100" HEIGHT="30" CONTENT="political" WC="0.99" CC="090500000"/>
						<SP ID="P1_SP00578" HPOS="2292" VPOS="2367" WIDTH="20"/>
						<String ID="P1_ST00710" HPOS="2312" VPOS="2337" WIDTH="98" HEIGHT="25" CONTENT="science," WC="1.00" CC="04100000"/>
						<SP ID="P1_SP00579" HPOS="2410" VPOS="2367" WIDTH="19"/>
						<String ID="P1_ST00711" HPOS="2429" VPOS="2337" WIDTH="128" HEIGHT="29" CONTENT="sociology," WC="0.99" CC="0500561000"/>
						<SP ID="P1_SP00580" HPOS="2557" VPOS="2367" WIDTH="18"/>
						<String ID="P1_ST00712" HPOS="2575" VPOS="2341" WIDTH="46" HEIGHT="24" CONTENT="part" WC="0.99" CC="0005"/>
						<SP ID="P1_SP00581" HPOS="2621" VPOS="2367" WIDTH="18"/>
						<String ID="P1_ST00713" HPOS="2639" VPOS="2337" WIDTH="27" HEIGHT="22" CONTENT="of" WC="0.93" CC="10"/>
					</TextLine>
					<TextLine ID="P1_TL00133" HPOS="2191" VPOS="2375" WIDTH="475" HEIGHT="29">
						<String ID="P1_ST00714" HPOS="2191" VPOS="2376" WIDTH="103" HEIGHT="22" CONTENT="criminal" WC="1.00" CC="70001000"/>
						<SP ID="P1_SP00582" HPOS="2294" VPOS="2398" WIDTH="18"/>
						<String ID="P1_ST00715" HPOS="2312" VPOS="2375" WIDTH="83" HEIGHT="29" CONTENT="justice" WC="1.00" CC="0030001"/>
						<SP ID="P1_SP00583" HPOS="2395" VPOS="2404" WIDTH="20"/>
						<String ID="P1_ST00716" HPOS="2415" VPOS="2375" WIDTH="44" HEIGHT="23" CONTENT="and" WC="0.99" CC="030"/>
						<SP ID="P1_SP00584" HPOS="2459" VPOS="2404" WIDTH="19"/>
						<String ID="P1_ST00717" HPOS="2478" VPOS="2376" WIDTH="37" HEIGHT="22" CONTENT="the" WC="0.99" CC="100"/>
						<SP ID="P1_SP00585" HPOS="2515" VPOS="2404" WIDTH="20"/>
						<String ID="P1_ST00718" HPOS="2535" VPOS="2375" WIDTH="85" HEIGHT="23" CONTENT="School" WC="0.99" CC="005500"/>
						<SP ID="P1_SP00586" HPOS="2620" VPOS="2404" WIDTH="19"/>
						<String ID="P1_ST00719" HPOS="2639" VPOS="2375" WIDTH="27" HEIGHT="22" CONTENT="of" WC="0.81" CC="30"/>
					</TextLine>
					<TextLine ID="P1_TL00134" HPOS="2194" VPOS="2413" WIDTH="294" HEIGHT="23">
						<String ID="P1_ST00720" HPOS="2194" VPOS="2414" WIDTH="63" HEIGHT="22" CONTENT="Mass" WC="0.99" CC="3000"/>
						<SP ID="P1_SP00587" HPOS="2257" VPOS="2436" WIDTH="9"/>
						<String ID="P1_ST00721" HPOS="2266" VPOS="2413" WIDTH="222" HEIGHT="23" CONTENT="Communications." WC="1.00" CC="209000070000100"/>
					</TextLine>
					<TextLine ID="P1_TL00135" HPOS="2233" VPOS="2451" WIDTH="431" HEIGHT="29">
						<String ID="P1_ST00722" HPOS="2233" VPOS="2451" WIDTH="47" HEIGHT="22" CONTENT='"So' WC="0.96" CC="036"/>
						<SP ID="P1_SP00588" HPOS="2280" VPOS="2473" WIDTH="22"/>
						<String ID="P1_ST00723" HPOS="2302" VPOS="2451" WIDTH="69" HEIGHT="23" CONTENT="we're" WC="1.00" CC="00000"/>
						<SP ID="P1_SP00589" HPOS="2371" VPOS="2474" WIDTH="23"/>
						<String ID="P1_ST00724" HPOS="2394" VPOS="2451" WIDTH="70" HEIGHT="29" CONTENT="really" WC="1.00" CC="000400"/>
						<SP ID="P1_SP00590" HPOS="2464" VPOS="2480" WIDTH="23"/>
						<String ID="P1_ST00725" HPOS="2487" VPOS="2451" WIDTH="73" HEIGHT="29" CONTENT="trying" WC="1.00" CC="010000"/>
						<SP ID="P1_SP00591" HPOS="2560" VPOS="2480" WIDTH="22"/>
						<String ID="P1_ST00726" HPOS="2582" VPOS="2454" WIDTH="23" HEIGHT="19" CONTENT="to" WC="0.91" CC="10"/>
						<SP ID="P1_SP00592" HPOS="2605" VPOS="2480" WIDTH="22"/>
						<String ID="P1_ST00727" HPOS="2627" VPOS="2455" WIDTH="37" HEIGHT="25" CONTENT="get" WC="0.96" CC="504"/>
					</TextLine>
					<TextLine ID="P1_TL00136" HPOS="2193" VPOS="2489" WIDTH="471" HEIGHT="28">
						<String ID="P1_ST00728" HPOS="2193" VPOS="2496" WIDTH="12" HEIGHT="16" CONTENT="a" WC="0.93" CC="0"/>
						<SP ID="P1_SP00593" HPOS="2205" VPOS="2512" WIDTH="22"/>
						<String ID="P1_ST00729" HPOS="2227" VPOS="2489" WIDTH="82" HEIGHT="22" CONTENT="handle" WC="1.00" CC="203000"/>
						<SP ID="P1_SP00594" HPOS="2309" VPOS="2512" WIDTH="21"/>
						<String ID="P1_ST00730" HPOS="2330" VPOS="2496" WIDTH="30" HEIGHT="15" CONTENT="on" WC="0.95" CC="00"/>
						<SP ID="P1_SP00595" HPOS="2360" VPOS="2512" WIDTH="22"/>
						<String ID="P1_ST00731" HPOS="2382" VPOS="2489" WIDTH="61" HEIGHT="22" CONTENT="what" WC="1.00" CC="0000"/>
						<SP ID="P1_SP00596" HPOS="2443" VPOS="2512" WIDTH="21"/>
						<String ID="P1_ST00732" HPOS="2464" VPOS="2489" WIDTH="70" HEIGHT="22" CONTENT="Teri's" WC="0.94" CC="000030"/>
						<SP ID="P1_SP00597" HPOS="2534" VPOS="2512" WIDTH="19"/>
						<String ID="P1_ST00733" HPOS="2553" VPOS="2489" WIDTH="42" HEIGHT="28" CONTENT="job" WC="1.00" CC="000"/>
						<SP ID="P1_SP00598" HPOS="2595" VPOS="2517" WIDTH="22"/>
						<String ID="P1_ST00734" HPOS="2617" VPOS="2495" WIDTH="47" HEIGHT="16" CONTENT="was" WC="1.00" CC="000"/>
					</TextLine>
					<TextLine ID="P1_TL00137" HPOS="2192" VPOS="2526" WIDTH="472" HEIGHT="30">
						<String ID="P1_ST00735" HPOS="2192" VPOS="2526" WIDTH="128" HEIGHT="30" CONTENT="originally," WC="1.00" CC="40030000200"/>
						<SP ID="P1_SP00599" HPOS="2320" VPOS="2556" WIDTH="23"/>
						<String ID="P1_ST00736" HPOS="2343" VPOS="2527" WIDTH="39" HEIGHT="22" CONTENT="but" WC="0.99" CC="002"/>
						<SP ID="P1_SP00600" HPOS="2382" VPOS="2556" WIDTH="22"/>
						<String ID="P1_ST00737" HPOS="2404" VPOS="2527" WIDTH="37" HEIGHT="22" CONTENT="the" WC="0.97" CC="150"/>
						<SP ID="P1_SP00601" HPOS="2441" VPOS="2556" WIDTH="24"/>
						<String ID="P1_ST00738" HPOS="2465" VPOS="2527" WIDTH="87" HEIGHT="22" CONTENT="bottom" WC="0.98" CC="506260"/>
						<SP ID="P1_SP00602" HPOS="2552" VPOS="2556" WIDTH="24"/>
						<String ID="P1_ST00739" HPOS="2576" VPOS="2526" WIDTH="45" HEIGHT="22" CONTENT="line" WC="1.00" CC="0000"/>
						<SP ID="P1_SP00603" HPOS="2621" VPOS="2556" WIDTH="25"/>
						<String ID="P1_ST00740" HPOS="2646" VPOS="2526" WIDTH="18" HEIGHT="22" CONTENT="is" WC="0.23" CC="59"/>
					</TextLine>
					<TextLine ID="P1_TL00138" HPOS="2194" VPOS="2564" WIDTH="469" HEIGHT="29">
						<String ID="P1_ST00741" HPOS="2194" VPOS="2565" WIDTH="69" HEIGHT="22" CONTENT="we're" WC="1.00" CC="00201"/>
						<SP ID="P1_SP00604" HPOS="2263" VPOS="2587" WIDTH="12"/>
						<String ID="P1_ST00742" HPOS="2275" VPOS="2565" WIDTH="74" HEIGHT="28" CONTENT="trying" WC="0.99" CC="307100"/>
						<SP ID="P1_SP00605" HPOS="2349" VPOS="2593" WIDTH="11"/>
						<String ID="P1_ST00743" HPOS="2360" VPOS="2569" WIDTH="24" HEIGHT="18" CONTENT="to" WC="0.94" CC="10"/>
						<SP ID="P1_SP00606" HPOS="2384" VPOS="2593" WIDTH="12"/>
						<String ID="P1_ST00744" HPOS="2396" VPOS="2569" WIDTH="36" HEIGHT="24" CONTENT="get" WC="0.98" CC="005"/>
						<SP ID="P1_SP00607" HPOS="2432" VPOS="2593" WIDTH="13"/>
						<String ID="P1_ST00745" HPOS="2445" VPOS="2571" WIDTH="63" HEIGHT="16" CONTENT="more" WC="1.00" CC="0000"/>
						<SP ID="P1_SP00608" HPOS="2508" VPOS="2593" WIDTH="13"/>
						<String ID="P1_ST00746" HPOS="2521" VPOS="2564" WIDTH="108" HEIGHT="22" CONTENT="involved" WC="1.00" CC="00000000"/>
						<SP ID="P1_SP00609" HPOS="2629" VPOS="2593" WIDTH="13"/>
						<String ID="P1_ST00747" HPOS="2642" VPOS="2564" WIDTH="21" HEIGHT="22" CONTENT="in" WC="0.78" CC="04"/>
					</TextLine>
					<TextLine ID="P1_TL00139" HPOS="2192" VPOS="2602" WIDTH="466" HEIGHT="29">
						<String ID="P1_ST00748" HPOS="2192" VPOS="2602" WIDTH="115" HEIGHT="29" CONTENT="engaging" WC="1.00" CC="10000510"/>
						<SP ID="P1_SP00610" HPOS="2307" VPOS="2631" WIDTH="10"/>
						<String ID="P1_ST00749" HPOS="2317" VPOS="2603" WIDTH="54" HEIGHT="21" CONTENT="with" WC="0.98" CC="5500"/>
						<SP ID="P1_SP00611" HPOS="2371" VPOS="2631" WIDTH="11"/>
						<String ID="P1_ST00750" HPOS="2382" VPOS="2602" WIDTH="123" HEIGHT="26" CONTENT='students,"' WC="0.99" CC="0200400075"/>
						<SP ID="P1_SP00612" HPOS="2505" VPOS="2631" WIDTH="10"/>
						<String ID="P1_ST00751" HPOS="2515" VPOS="2602" WIDTH="77" HEIGHT="22" CONTENT="Miron" WC="0.97" CC="00010"/>
						<SP ID="P1_SP00613" HPOS="2592" VPOS="2631" WIDTH="11"/>
						<String ID="P1_ST00752" HPOS="2603" VPOS="2602" WIDTH="55" HEIGHT="22" CONTENT="said." WC="0.99" CC="00050"/>
					</TextLine>
					<TextLine ID="P1_TL00140" HPOS="2234" VPOS="2640" WIDTH="432" HEIGHT="29">
						<String ID="P1_ST00753" HPOS="2234" VPOS="2641" WIDTH="48" HEIGHT="22" CONTENT="The" WC="1.00" CC="000"/>
						<SP ID="P1_SP00614" HPOS="2282" VPOS="2663" WIDTH="8"/>
						<String ID="P1_ST00754" HPOS="2290" VPOS="2641" WIDTH="159" HEIGHT="28" CONTENT="restructuring" WC="1.00" CC="4005030200020"/>
						<SP ID="P1_SP00615" HPOS="2449" VPOS="2669" WIDTH="9"/>
						<String ID="P1_ST00755" HPOS="2458" VPOS="2640" WIDTH="27" HEIGHT="23" CONTENT="of" WC="0.79" CC="04"/>
						<SP ID="P1_SP00616" HPOS="2485" VPOS="2669" WIDTH="5"/>
						<String ID="P1_ST00756" HPOS="2490" VPOS="2641" WIDTH="36" HEIGHT="22" CONTENT="the" WC="0.97" CC="304"/>
						<SP ID="P1_SP00617" HPOS="2526" VPOS="2669" WIDTH="8"/>
						<String ID="P1_ST00757" HPOS="2534" VPOS="2640" WIDTH="97" HEIGHT="29" CONTENT="College" WC="0.99" CC="0017200"/>
						<SP ID="P1_SP00618" HPOS="2631" VPOS="2669" WIDTH="8"/>
						<String ID="P1_ST00758" HPOS="2639" VPOS="2640" WIDTH="27" HEIGHT="22" CONTENT="of" WC="0.75" CC="40"/>
					</TextLine>
					<TextLine ID="P1_TL00141" HPOS="2194" VPOS="2678" WIDTH="470" HEIGHT="23">
						<String ID="P1_ST00759" HPOS="2194" VPOS="2679" WIDTH="75" HEIGHT="22" CONTENT="Social" WC="0.99" CC="407002"/>
						<SP ID="P1_SP00619" HPOS="2269" VPOS="2701" WIDTH="8"/>
						<String ID="P1_ST00760" HPOS="2277" VPOS="2679" WIDTH="109" HEIGHT="22" CONTENT="Sciences" WC="1.00" CC="00200006"/>
						<SP ID="P1_SP00620" HPOS="2386" VPOS="2701" WIDTH="7"/>
						<String ID="P1_ST00761" HPOS="2393" VPOS="2678" WIDTH="18" HEIGHT="23" CONTENT="is" WC="1.00" CC="00"/>
						<SP ID="P1_SP00621" HPOS="2411" VPOS="2701" WIDTH="9"/>
						<String ID="P1_ST00762" HPOS="2420" VPOS="2679" WIDTH="105" HEIGHT="22" CONTENT="intended" WC="1.00" CC="40130010"/>
						<SP ID="P1_SP00622" HPOS="2525" VPOS="2701" WIDTH="7"/>
						<String ID="P1_ST00763" HPOS="2532" VPOS="2683" WIDTH="23" HEIGHT="18" CONTENT="to" WC="0.76" CC="04"/>
						<SP ID="P1_SP00623" HPOS="2555" VPOS="2701" WIDTH="8"/>
						<String ID="P1_ST00764" HPOS="2563" VPOS="2678" WIDTH="101" HEIGHT="22" CONTENT="increase" WC="0.99" CC="03630000"/>
					</TextLine>
					<TextLine ID="P1_TL00142" HPOS="2193" VPOS="2716" WIDTH="470" HEIGHT="30">
						<String ID="P1_ST00765" HPOS="2193" VPOS="2717" WIDTH="36" HEIGHT="22" CONTENT="the" WC="0.98" CC="500"/>
						<SP ID="P1_SP00624" HPOS="2229" VPOS="2739" WIDTH="12"/>
						<String ID="P1_ST00766" HPOS="2241" VPOS="2721" WIDTH="151" HEIGHT="25" CONTENT="engagement" WC="1.00" CC="0003000216"/>
						<SP ID="P1_SP00625" HPOS="2392" VPOS="2746" WIDTH="13"/>
						<String ID="P1_ST00767" HPOS="2405" VPOS="2717" WIDTH="104" HEIGHT="22" CONTENT="between" WC="0.99" CC="6500200"/>
						<SP ID="P1_SP00626" HPOS="2509" VPOS="2746" WIDTH="13"/>
						<String ID="P1_ST00768" HPOS="2522" VPOS="2716" WIDTH="85" HEIGHT="29" CONTENT="faculty" WC="0.99" CC="4040100"/>
						<SP ID="P1_SP00627" HPOS="2607" VPOS="2746" WIDTH="13"/>
						<String ID="P1_ST00769" HPOS="2620" VPOS="2716" WIDTH="43" HEIGHT="22" CONTENT="and" WC="1.00" CC="000"/>
					</TextLine>
					<TextLine ID="P1_TL00143" HPOS="2194" VPOS="2754" WIDTH="470" HEIGHT="29">
						<String ID="P1_ST00770" HPOS="2194" VPOS="2755" WIDTH="108" HEIGHT="24" CONTENT="students," WC="0.99" CC="014016400"/>
						<SP ID="P1_SP00628" HPOS="2302" VPOS="2779" WIDTH="9"/>
						<String ID="P1_ST00771" HPOS="2311" VPOS="2754" WIDTH="112" HEIGHT="22" CONTENT="therefore" WC="1.00" CC="000006300"/>
						<SP ID="P1_SP00629" HPOS="2423" VPOS="2779" WIDTH="10"/>
						<String ID="P1_ST00772" HPOS="2433" VPOS="2754" WIDTH="128" HEIGHT="29" CONTENT="improving" WC="0.99" CC="500090140"/>
						<SP ID="P1_SP00630" HPOS="2561" VPOS="2783" WIDTH="10"/>
						<String ID="P1_ST00773" HPOS="2571" VPOS="2761" WIDTH="93" HEIGHT="15" CONTENT="success" WC="0.99" CC="0407009"/>
					</TextLine>
					<TextLine ID="P1_TL00144" HPOS="2193" VPOS="2792" WIDTH="392" HEIGHT="25">
						<String ID="P1_ST00774" HPOS="2193" VPOS="2796" WIDTH="57" HEIGHT="19" CONTENT="rates" WC="1.00" CC="10000"/>
						<SP ID="P1_SP00631" HPOS="2250" VPOS="2815" WIDTH="11"/>
						<String ID="P1_ST00775" HPOS="2261" VPOS="2792" WIDTH="43" HEIGHT="22" CONTENT="and" WC="1.00" CC="000"/>
						<SP ID="P1_SP00632" HPOS="2304" VPOS="2815" WIDTH="10"/>
						<String ID="P1_ST00776" HPOS="2314" VPOS="2792" WIDTH="118" HEIGHT="25" CONTENT="retention," WC="1.00" CC="0002305300"/>
						<SP ID="P1_SP00633" HPOS="2432" VPOS="2817" WIDTH="11"/>
						<String ID="P1_ST00777" HPOS="2443" VPOS="2792" WIDTH="76" HEIGHT="22" CONTENT="Miron" WC="0.93" CC="00012"/>
						<SP ID="P1_SP00634" HPOS="2519" VPOS="2817" WIDTH="11"/>
						<String ID="P1_ST00778" HPOS="2530" VPOS="2792" WIDTH="55" HEIGHT="22" CONTENT="said." WC="1.00" CC="00000"/>
					</TextLine>
					<TextLine ID="P1_TL00145" HPOS="2234" VPOS="2829" WIDTH="429" HEIGHT="30">
						<String ID="P1_ST00779" HPOS="2234" VPOS="2830" WIDTH="48" HEIGHT="22" CONTENT="The" WC="1.00" CC="000"/>
						<SP ID="P1_SP00635" HPOS="2282" VPOS="2852" WIDTH="34"/>
						<String ID="P1_ST00780" HPOS="2316" VPOS="2830" WIDTH="51" HEIGHT="29" CONTENT="goal" WC="1.00" CC="1000"/>
						<SP ID="P1_SP00636" HPOS="2367" VPOS="2859" WIDTH="36"/>
						<String ID="P1_ST00781" HPOS="2403" VPOS="2830" WIDTH="34" HEIGHT="22" CONTENT="for" WC="0.99" CC="020"/>
						<SP ID="P1_SP00637" HPOS="2437" VPOS="2859" WIDTH="33"/>
						<String ID="P1_ST00782" HPOS="2470" VPOS="2829" WIDTH="193" HEIGHT="29" CONTENT='"undergraduate' WC="1.00" CC="60080000000005"/>
					</TextLine>
					<TextLine ID="P1_TL00146" HPOS="2193" VPOS="2867" WIDTH="470" HEIGHT="30">
						<String ID="P1_ST00783" HPOS="2193" VPOS="2868" WIDTH="105" HEIGHT="29" CONTENT="advising" WC="0.99" CC="06019000"/>
						<SP ID="P1_SP00638" HPOS="2298" VPOS="2897" WIDTH="20"/>
						<String ID="P1_ST00784" HPOS="2318" VPOS="2868" WIDTH="19" HEIGHT="22" CONTENT="is" WC="0.71" CC="05"/>
						<SP ID="P1_SP00639" HPOS="2337" VPOS="2897" WIDTH="18"/>
						<String ID="P1_ST00785" HPOS="2355" VPOS="2867" WIDTH="48" HEIGHT="28" CONTENT="(for" WC="0.99" CC="0030"/>
						<SP ID="P1_SP00640" HPOS="2403" VPOS="2897" WIDTH="18"/>
						<String ID="P1_ST00786" HPOS="2421" VPOS="2867" WIDTH="15" HEIGHT="23" CONTENT="it" WC="1.00" CC="00"/>
						<SP ID="P1_SP00641" HPOS="2436" VPOS="2897" WIDTH="19"/>
						<String ID="P1_ST00787" HPOS="2455" VPOS="2872" WIDTH="23" HEIGHT="18" CONTENT="to" WC="0.50" CC="26"/>
						<SP ID="P1_SP00642" HPOS="2478" VPOS="2897" WIDTH="19"/>
						<String ID="P1_ST00788" HPOS="2497" VPOS="2868" WIDTH="28" HEIGHT="22" CONTENT="be" WC="0.77" CC="04"/>
						<SP ID="P1_SP00643" HPOS="2525" VPOS="2897" WIDTH="18"/>
						<String ID="P1_ST00789" HPOS="2543" VPOS="2867" WIDTH="71" HEIGHT="26" CONTENT="done)" WC="1.00" CC="03000"/>
						<SP ID="P1_SP00644" HPOS="2614" VPOS="2897" WIDTH="20"/>
						<String ID="P1_ST00790" HPOS="2634" VPOS="2867" WIDTH="29" HEIGHT="29" CONTENT="by" WC="0.69" CC="60"/>
					</TextLine>
					<TextLine ID="P1_TL00147" HPOS="2193" VPOS="2905" WIDTH="471" HEIGHT="30">
						<String ID="P1_ST00791" HPOS="2193" VPOS="2906" WIDTH="85" HEIGHT="29" CONTENT="faculty" WC="1.00" CC="1100000"/>
						<SP ID="P1_SP00645" HPOS="2278" VPOS="2935" WIDTH="21"/>
						<String ID="P1_ST00792" HPOS="2299" VPOS="2910" WIDTH="22" HEIGHT="18" CONTENT="at" WC="0.76" CC="04"/>
						<SP ID="P1_SP00646" HPOS="2321" VPOS="2935" WIDTH="19"/>
						<String ID="P1_ST00793" HPOS="2340" VPOS="2906" WIDTH="37" HEIGHT="22" CONTENT="the" WC="1.00" CC="000"/>
						<SP ID="P1_SP00647" HPOS="2377" VPOS="2935" WIDTH="21"/>
						<String ID="P1_ST00794" HPOS="2398" VPOS="2906" WIDTH="162" HEIGHT="28" CONTENT="departmental" WC="1.00" CC="000005000000"/>
						<SP ID="P1_SP00648" HPOS="2560" VPOS="2935" WIDTH="23"/>
						<String ID="P1_ST00795" HPOS="2583" VPOS="2905" WIDTH="81" HEIGHT="26" CONTENT='level,"' WC="0.99" CC="0100421"/>
					</TextLine>
					<TextLine ID="P1_TL00148" HPOS="2194" VPOS="2944" WIDTH="469" HEIGHT="28">
						<String ID="P1_ST00796" HPOS="2194" VPOS="2944" WIDTH="75" HEIGHT="22" CONTENT="Miron" WC="0.95" CC="00002"/>
						<SP ID="P1_SP00649" HPOS="2269" VPOS="2966" WIDTH="11"/>
						<String ID="P1_ST00797" HPOS="2280" VPOS="2944" WIDTH="55" HEIGHT="22" CONTENT="said." WC="1.00" CC="00000"/>
						<SP ID="P1_SP00650" HPOS="2335" VPOS="2966" WIDTH="10"/>
						<String ID="P1_ST00798" HPOS="2345" VPOS="2944" WIDTH="136" HEIGHT="22" CONTENT='"Whatever' WC="0.99" CC="652000001"/>
						<SP ID="P1_SP00651" HPOS="2481" VPOS="2966" WIDTH="10"/>
						<String ID="P1_ST00799" HPOS="2491" VPOS="2944" WIDTH="51" HEIGHT="28" CONTENT="plan" WC="1.00" CC="0000"/>
						<SP ID="P1_SP00652" HPOS="2542" VPOS="2972" WIDTH="11"/>
						<String ID="P1_ST00800" HPOS="2553" VPOS="2950" WIDTH="33" HEIGHT="16" CONTENT="we" WC="0.75" CC="05"/>
						<SP ID="P1_SP00653" HPOS="2586" VPOS="2972" WIDTH="10"/>
						<String ID="P1_ST00801" HPOS="2596" VPOS="2950" WIDTH="67" HEIGHT="16" CONTENT="come" WC="0.98" CC="7000"/>
					</TextLine>
					<TextLine ID="P1_TL00149" HPOS="2194" VPOS="2981" WIDTH="401" HEIGHT="30">
						<String ID="P1_ST00802" HPOS="2194" VPOS="2989" WIDTH="29" HEIGHT="22" CONTENT="up" WC="0.76" CC="40"/>
						<SP ID="P1_SP00654" HPOS="2223" VPOS="3011" WIDTH="10"/>
						<String ID="P1_ST00803" HPOS="2233" VPOS="2982" WIDTH="75" HEIGHT="26" CONTENT="(with)" WC="1.00" CC="000000"/>
						<SP ID="P1_SP00655" HPOS="2308" VPOS="3011" WIDTH="9"/>
						<String ID="P1_ST00804" HPOS="2317" VPOS="2982" WIDTH="67" HEIGHT="22" CONTENT="that's" WC="0.98" CC="030319"/>
						<SP ID="P1_SP00656" HPOS="2384" VPOS="3011" WIDTH="10"/>
						<String ID="P1_ST00805" HPOS="2394" VPOS="2982" WIDTH="69" HEIGHT="29" CONTENT="really" WC="1.00" CC="000030"/>
						<SP ID="P1_SP00657" HPOS="2463" VPOS="3011" WIDTH="11"/>
						<String ID="P1_ST00806" HPOS="2474" VPOS="2982" WIDTH="36" HEIGHT="22" CONTENT="the" WC="0.98" CC="050"/>
						<SP ID="P1_SP00658" HPOS="2510" VPOS="3011" WIDTH="10"/>
						<String ID="P1_ST00807" HPOS="2520" VPOS="2981" WIDTH="75" HEIGHT="30" CONTENT='goal."' WC="0.98" CC="850007"/>
					</TextLine>
					<TextLine ID="P1_TL00150" HPOS="2236" VPOS="3020" WIDTH="426" HEIGHT="28">
						<String ID="P1_ST00808" HPOS="2236" VPOS="3020" WIDTH="75" HEIGHT="22" CONTENT="Miron" WC="0.94" CC="03000"/>
						<SP ID="P1_SP00659" HPOS="2311" VPOS="3042" WIDTH="6"/>
						<String ID="P1_ST00809" HPOS="2317" VPOS="3020" WIDTH="49" HEIGHT="22" CONTENT="said" WC="0.99" CC="3000"/>
						<SP ID="P1_SP00660" HPOS="2366" VPOS="3042" WIDTH="5"/>
						<String ID="P1_ST00810" HPOS="2371" VPOS="3020" WIDTH="45" HEIGHT="22" CONTENT="that" WC="0.99" CC="0002"/>
						<SP ID="P1_SP00661" HPOS="2416" VPOS="3042" WIDTH="5"/>
						<String ID="P1_ST00811" HPOS="2421" VPOS="3020" WIDTH="27" HEIGHT="22" CONTENT="he" WC="0.78" CC="40"/>
						<SP ID="P1_SP00662" HPOS="2448" VPOS="3042" WIDTH="6"/>
						<String ID="P1_ST00812" HPOS="2454" VPOS="3020" WIDTH="39" HEIGHT="22" CONTENT="has" WC="0.99" CC="300"/>
						<SP ID="P1_SP00663" HPOS="2493" VPOS="3042" WIDTH="5"/>
						<String ID="P1_ST00813" HPOS="2498" VPOS="3027" WIDTH="13" HEIGHT="15" CONTENT="a" WC="1.00" CC="0"/>
						<SP ID="P1_SP00664" HPOS="2511" VPOS="3042" WIDTH="5"/>
						<String ID="P1_ST00814" HPOS="2516" VPOS="3020" WIDTH="146" HEIGHT="28" CONTENT="background" WC="0.99" CC="6070009540"/>
					</TextLine>
					<TextLine ID="P1_TL00151" HPOS="2194" VPOS="3057" WIDTH="469" HEIGHT="29">
						<String ID="P1_ST00815" HPOS="2194" VPOS="3058" WIDTH="20" HEIGHT="21" CONTENT="in" WC="1.00" CC="00"/>
						<SP ID="P1_SP00665" HPOS="2214" VPOS="3079" WIDTH="10"/>
						<String ID="P1_ST00816" HPOS="2224" VPOS="3058" WIDTH="103" HEIGHT="22" CONTENT="research" WC="0.99" CC="00039070"/>
						<SP ID="P1_SP00666" HPOS="2327" VPOS="3080" WIDTH="7"/>
						<String ID="P1_ST00817" HPOS="2334" VPOS="3057" WIDTH="103" HEIGHT="29" CONTENT="colleges" WC="1.00" CC="04040000"/>
						<SP ID="P1_SP00667" HPOS="2437" VPOS="3086" WIDTH="10"/>
						<String ID="P1_ST00818" HPOS="2447" VPOS="3058" WIDTH="74" HEIGHT="21" CONTENT="where" WC="0.99" CC="00602"/>
						<SP ID="P1_SP00668" HPOS="2521" VPOS="3086" WIDTH="9"/>
						<String ID="P1_ST00819" HPOS="2530" VPOS="3057" WIDTH="105" HEIGHT="29" CONTENT="advising" WC="1.00" CC="00040030"/>
						<SP ID="P1_SP00669" HPOS="2635" VPOS="3086" WIDTH="10"/>
						<String ID="P1_ST00820" HPOS="2645" VPOS="3057" WIDTH="18" HEIGHT="22" CONTENT="is" WC="0.91" CC="10"/>
					</TextLine>
					<TextLine ID="P1_TL00152" HPOS="2192" VPOS="3095" WIDTH="470" HEIGHT="29">
						<String ID="P1_ST00821" HPOS="2192" VPOS="3095" WIDTH="59" HEIGHT="23" CONTENT="done" WC="0.99" CC="0040"/>
						<SP ID="P1_SP00670" HPOS="2251" VPOS="3118" WIDTH="11"/>
						<String ID="P1_ST00822" HPOS="2262" VPOS="3099" WIDTH="21" HEIGHT="19" CONTENT="at" WC="0.79" CC="04"/>
						<SP ID="P1_SP00671" HPOS="2283" VPOS="3118" WIDTH="11"/>
						<String ID="P1_ST00823" HPOS="2294" VPOS="3103" WIDTH="12" HEIGHT="14" CONTENT="a" WC="1.00" CC="0"/>
						<SP ID="P1_SP00672" HPOS="2306" VPOS="3118" WIDTH="10"/>
						<String ID="P1_ST00824" HPOS="2316" VPOS="3095" WIDTH="163" HEIGHT="29" CONTENT="departmental" WC="1.00" CC="000000030200"/>
						<SP ID="P1_SP00673" HPOS="2479" VPOS="3124" WIDTH="12"/>
						<String ID="P1_ST00825" HPOS="2491" VPOS="3095" WIDTH="65" HEIGHT="22" CONTENT="level." WC="1.00" CC="400000"/>
						<SP ID="P1_SP00674" HPOS="2556" VPOS="3124" WIDTH="14"/>
						<String ID="P1_ST00826" HPOS="2570" VPOS="3095" WIDTH="33" HEIGHT="22" CONTENT="He" WC="0.71" CC="50"/>
						<SP ID="P1_SP00675" HPOS="2603" VPOS="3124" WIDTH="11"/>
						<String ID="P1_ST00827" HPOS="2614" VPOS="3095" WIDTH="48" HEIGHT="22" CONTENT="said" WC="0.98" CC="6040"/>
					</TextLine>
					<TextLine ID="P1_TL00153" HPOS="2192" VPOS="3133" WIDTH="471" HEIGHT="22">
						<String ID="P1_ST00828" HPOS="2192" VPOS="3133" WIDTH="45" HEIGHT="22" CONTENT="that" WC="0.99" CC="2030"/>
						<SP ID="P1_SP00676" HPOS="2237" VPOS="3155" WIDTH="12"/>
						<String ID="P1_ST00829" HPOS="2249" VPOS="3133" WIDTH="36" HEIGHT="22" CONTENT="the" WC="0.97" CC="034"/>
						<SP ID="P1_SP00677" HPOS="2285" VPOS="3155" WIDTH="12"/>
						<String ID="P1_ST00830" HPOS="2297" VPOS="3133" WIDTH="76" HEIGHT="22" CONTENT="Social" WC="0.99" CC="002005"/>
						<SP ID="P1_SP00678" HPOS="2373" VPOS="3155" WIDTH="12"/>
						<String ID="P1_ST00831" HPOS="2385" VPOS="3133" WIDTH="108" HEIGHT="22" CONTENT="Sciences" WC="1.00" CC="00000100"/>
						<SP ID="P1_SP00679" HPOS="2493" VPOS="3155" WIDTH="11"/>
						<String ID="P1_ST00832" HPOS="2504" VPOS="3133" WIDTH="71" HEIGHT="22" CONTENT="office" WC="0.99" CC="004400"/>
						<SP ID="P1_SP00680" HPOS="2575" VPOS="3155" WIDTH="11"/>
						<String ID="P1_ST00833" HPOS="2586" VPOS="3133" WIDTH="77" HEIGHT="22" CONTENT="would" WC="0.99" CC="00460"/>
					</TextLine>
					<TextLine ID="P1_TL00154" HPOS="2193" VPOS="3171" WIDTH="470" HEIGHT="28">
						<String ID="P1_ST00834" HPOS="2193" VPOS="3178" WIDTH="38" HEIGHT="15" CONTENT="see" WC="1.00" CC="000"/>
						<SP ID="P1_SP00681" HPOS="2231" VPOS="3193" WIDTH="13"/>
						<String ID="P1_ST00835" HPOS="2244" VPOS="3171" WIDTH="45" HEIGHT="22" CONTENT="less" WC="0.99" CC="5000"/>
						<SP ID="P1_SP00682" HPOS="2289" VPOS="3193" WIDTH="15"/>
						<String ID="P1_ST00836" HPOS="2304" VPOS="3171" WIDTH="73" HEIGHT="22" CONTENT="issues" WC="1.00" CC="000000"/>
						<SP ID="P1_SP00683" HPOS="2377" VPOS="3193" WIDTH="12"/>
						<String ID="P1_ST00837" HPOS="2389" VPOS="3171" WIDTH="34" HEIGHT="22" CONTENT='"if' WC="0.97" CC="602"/>
						<SP ID="P1_SP00684" HPOS="2423" VPOS="3193" WIDTH="11"/>
						<String ID="P1_ST00838" HPOS="2434" VPOS="3178" WIDTH="63" HEIGHT="15" CONTENT="more" WC="0.98" CC="0704"/>
						<SP ID="P1_SP00685" HPOS="2497" VPOS="3193" WIDTH="12"/>
						<String ID="P1_ST00839" HPOS="2509" VPOS="3171" WIDTH="154" HEIGHT="28" CONTENT="departments" WC="1.00" CC="00000000000"/>
					</TextLine>
					<TextLine ID="P1_TL00155" HPOS="2192" VPOS="3209" WIDTH="471" HEIGHT="28">
						<String ID="P1_ST00840" HPOS="2192" VPOS="3215" WIDTH="59" HEIGHT="17" CONTENT="were" WC="1.00" CC="0000"/>
						<SP ID="P1_SP00686" HPOS="2251" VPOS="3232" WIDTH="29"/>
						<String ID="P1_ST00841" HPOS="2280" VPOS="3209" WIDTH="108" HEIGHT="23" CONTENT="involved" WC="1.00" CC="00060000"/>
						<SP ID="P1_SP00687" HPOS="2388" VPOS="3232" WIDTH="29"/>
						<String ID="P1_ST00842" HPOS="2417" VPOS="3210" WIDTH="21" HEIGHT="22" CONTENT="in" WC="1.00" CC="00"/>
						<SP ID="P1_SP00688" HPOS="2438" VPOS="3232" WIDTH="28"/>
						<String ID="P1_ST00843" HPOS="2466" VPOS="3209" WIDTH="115" HEIGHT="28" CONTENT="engaging" WC="1.00" CC="40000000"/>
						<SP ID="P1_SP00689" HPOS="2581" VPOS="3237" WIDTH="28"/>
						<String ID="P1_ST00844" HPOS="2609" VPOS="3209" WIDTH="54" HEIGHT="22" CONTENT="with" WC="0.99" CC="0050"/>
					</TextLine>
				</TextBlock>
				<TextBlock ID="P1_TB00020" HPOS="652" VPOS="3420" WIDTH="1983" HEIGHT="125" STYLEREFS="TXT_0 PAR_RIGHT">
					<TextLine ID="P1_TL00156" HPOS="653" VPOS="3421" WIDTH="1982" HEIGHT="124">
						<String ID="P1_ST00845" HPOS="653" VPOS="3424" WIDTH="267" HEIGHT="121" CONTENT="New" WC="1.00" CC="000"/>
						<SP ID="P1_SP00690" HPOS="920" VPOS="3545" WIDTH="51"/>
						<String ID="P1_ST00846" HPOS="971" VPOS="3421" WIDTH="264" HEIGHT="124" CONTENT="deal" WC="1.00" CC="1000"/>
						<SP ID="P1_SP00691" HPOS="1235" VPOS="3545" WIDTH="58"/>
						<String ID="P1_ST00847" HPOS="1293" VPOS="3421" WIDTH="301" HEIGHT="124" CONTENT="calls" WC="1.00" CC="00100"/>
						<SP ID="P1_SP00692" HPOS="1594" VPOS="3545" WIDTH="51"/>
						<String ID="P1_ST00848" HPOS="1645" VPOS="3421" WIDTH="186" HEIGHT="124" CONTENT="for" WC="1.00" CC="000"/>
						<SP ID="P1_SP00693" HPOS="1831" VPOS="3545" WIDTH="54"/>
						<String ID="P1_ST00849" HPOS="1885" VPOS="3451" WIDTH="254" HEIGHT="94" CONTENT="new" WC="1.00" CC="000"/>
						<SP ID="P1_SP00694" HPOS="2139" VPOS="3545" WIDTH="51"/>
						<String ID="P1_ST00850" HPOS="2190" VPOS="3421" WIDTH="445" HEIGHT="124" CONTENT="wheels" WC="0.99" CC="003020"/>
					</TextLine>
				</TextBlock>
				<TextBlock ID="P1_TB00021" HPOS="732" VPOS="3776" WIDTH="296" HEIGHT="59" STYLEREFS="TXT_0 PAR_LEFT">
					<TextLine ID="P1_TL00157" HPOS="732" VPOS="3776" WIDTH="296" HEIGHT="32">
						<String ID="P1_ST00851" HPOS="732" VPOS="3777" WIDTH="40" HEIGHT="31" CONTENT="By" WC="1.00" CC="00"/>
						<SP ID="P1_SP00695" HPOS="772" VPOS="3808" WIDTH="10"/>
						<String ID="P1_ST00852" HPOS="782" VPOS="3776" WIDTH="164" HEIGHT="26" CONTENT="PRECIOUS" WC="0.99" CC="00032350"/>
						<SP ID="P1_SP00696" HPOS="946" VPOS="3808" WIDTH="11"/>
						<String ID="P1_ST00853" HPOS="957" VPOS="3776" WIDTH="71" HEIGHT="26" CONTENT="ESIE" WC="1.00" CC="0000"/>
					</TextLine>
					<TextLine ID="P1_TL00158" HPOS="774" VPOS="3816" WIDTH="213" HEIGHT="19">
						<String ID="P1_ST00854" HPOS="774" VPOS="3816" WIDTH="86" HEIGHT="19" CONTENT="Assistant" WC="0.98" CC="092363604"/>
						<SP ID="P1_SP00697" HPOS="860" VPOS="3835" WIDTH="5"/>
						<String ID="P1_ST00855" HPOS="865" VPOS="3816" WIDTH="57" HEIGHT="19" CONTENT="News" WC="0.96" CC="0358"/>
						<SP ID="P1_SP00698" HPOS="922" VPOS="3835" WIDTH="6"/>
						<String ID="P1_ST00856" HPOS="928" VPOS="3816" WIDTH="59" HEIGHT="19" CONTENT="Editor" WC="0.98" CC="202775"/>
					</TextLine>
				</TextBlock>
				<TextBlock ID="P1_TB00022" HPOS="650" VPOS="3599" WIDTH="462" HEIGHT="137" STYLEREFS="TXT_0 PAR_LEFT">
					<TextLine ID="P1_TL00159" HPOS="669" VPOS="3599" WIDTH="429" HEIGHT="63">
						<String ID="P1_ST00857" HPOS="669" VPOS="3599" WIDTH="150" HEIGHT="63" CONTENT="Loyola" WC="1.00" CC="010100"/>
						<SP ID="P1_SP00699" HPOS="819" VPOS="3662" WIDTH="19"/>
						<String ID="P1_ST00858" HPOS="838" VPOS="3603" WIDTH="32" HEIGHT="42" CONTENT="is" WC="1.00" CC="00"/>
						<SP ID="P1_SP00700" HPOS="870" VPOS="3662" WIDTH="9"/>
						<String ID="P1_ST00859" HPOS="879" VPOS="3600" WIDTH="219" HEIGHT="62" CONTENT="planning" WC="0.99" CC="50761021"/>
					</TextLine>
					<TextLine ID="P1_TL00160" HPOS="650" VPOS="3674" WIDTH="461" HEIGHT="62">
						<String ID="P1_ST00860" HPOS="650" VPOS="3692" WIDTH="72" HEIGHT="29" CONTENT="car" WC="1.00" CC="000"/>
						<SP ID="P1_SP00701" HPOS="722" VPOS="3721" WIDTH="13"/>
						<String ID="P1_ST00861" HPOS="735" VPOS="3674" WIDTH="173" HEIGHT="62" CONTENT="sharing" WC="0.99" CC="1403003"/>
						<SP ID="P1_SP00702" HPOS="908" VPOS="3736" WIDTH="5"/>
						<String ID="P1_ST00862" HPOS="913" VPOS="3690" WIDTH="198" HEIGHT="46" CONTENT="program" WC="1.00" CC="5000000"/>
					</TextLine>
				</TextBlock>
				<TextBlock ID="P1_TB00023" HPOS="646" VPOS="3890" WIDTH="471" HEIGHT="143" STYLEREFS="TXT_0 PAR_BLOCK">
					<TextLine ID="P1_TL00161" HPOS="687" VPOS="3890" WIDTH="429" HEIGHT="26">
						<String ID="P1_ST00863" HPOS="687" VPOS="3890" WIDTH="43" HEIGHT="22" CONTENT="The" WC="0.94" CC="467"/>
						<SP ID="P1_SP00703" HPOS="730" VPOS="3912" WIDTH="12"/>
						<String ID="P1_ST00864" HPOS="742" VPOS="3893" WIDTH="90" HEIGHT="19" CONTENT="streetcar" WC="0.99" CC="952200420"/>
						<SP ID="P1_SP00704" HPOS="832" VPOS="3912" WIDTH="9"/>
						<String ID="P1_ST00865" HPOS="841" VPOS="3896" WIDTH="38" HEIGHT="16" CONTENT="can" WC="0.97" CC="620"/>
						<SP ID="P1_SP00705" HPOS="879" VPOS="3912" WIDTH="12"/>
						<String ID="P1_ST00866" HPOS="891" VPOS="3890" WIDTH="44" HEIGHT="22" CONTENT="take" WC="0.97" CC="0605"/>
						<SP ID="P1_SP00706" HPOS="935" VPOS="3912" WIDTH="12"/>
						<String ID="P1_ST00867" HPOS="947" VPOS="3890" WIDTH="59" HEIGHT="22" CONTENT="hours" WC="0.96" CC="57357"/>
						<SP ID="P1_SP00707" HPOS="1006" VPOS="3912" WIDTH="11"/>
						<String ID="P1_ST00868" HPOS="1017" VPOS="3894" WIDTH="22" HEIGHT="18" CONTENT="to" WC="0.52" CC="35"/>
						<SP ID="P1_SP00708" HPOS="1039" VPOS="3912" WIDTH="10"/>
						<String ID="P1_ST00869" HPOS="1049" VPOS="3896" WIDTH="67" HEIGHT="20" CONTENT="come," WC="0.98" CC="03092"/>
					</TextLine>
					<TextLine ID="P1_TL00162" HPOS="647" VPOS="3928" WIDTH="469" HEIGHT="29">
						<String ID="P1_ST00870" HPOS="647" VPOS="3932" WIDTH="33" HEIGHT="19" CONTENT="not" WC="0.98" CC="050"/>
						<SP ID="P1_SP00709" HPOS="680" VPOS="3951" WIDTH="5"/>
						<String ID="P1_ST00871" HPOS="685" VPOS="3934" WIDTH="100" HEIGHT="23" CONTENT="everyone" WC="0.99" CC="00116700"/>
						<SP ID="P1_SP00710" HPOS="785" VPOS="3957" WIDTH="4"/>
						<String ID="P1_ST00872" HPOS="789" VPOS="3935" WIDTH="38" HEIGHT="16" CONTENT="can" WC="0.96" CC="065"/>
						<SP ID="P1_SP00711" HPOS="827" VPOS="3957" WIDTH="6"/>
						<String ID="P1_ST00873" HPOS="833" VPOS="3928" WIDTH="64" HEIGHT="23" CONTENT="afford" WC="0.96" CC="733688"/>
						<SP ID="P1_SP00712" HPOS="897" VPOS="3957" WIDTH="5"/>
						<String ID="P1_ST00874" HPOS="902" VPOS="3935" WIDTH="13" HEIGHT="16" CONTENT="a" WC="0.51" CC="4"/>
						<SP ID="P1_SP00713" HPOS="915" VPOS="3957" WIDTH="4"/>
						<String ID="P1_ST00875" HPOS="919" VPOS="3929" WIDTH="109" HEIGHT="22" CONTENT="residential" WC="0.99" CC="22554630283"/>
						<SP ID="P1_SP00714" HPOS="1028" VPOS="3957" WIDTH="6"/>
						<String ID="P1_ST00876" HPOS="1034" VPOS="3928" WIDTH="82" HEIGHT="29" CONTENT="parking" WC="0.99" CC="3527020"/>
					</TextLine>
					<TextLine ID="P1_TL00163" HPOS="646" VPOS="3966" WIDTH="471" HEIGHT="29">
						<String ID="P1_ST00877" HPOS="646" VPOS="3966" WIDTH="70" HEIGHT="29" CONTENT="permit" WC="0.98" CC="107630"/>
						<SP ID="P1_SP00715" HPOS="716" VPOS="3995" WIDTH="14"/>
						<String ID="P1_ST00878" HPOS="730" VPOS="3967" WIDTH="40" HEIGHT="22" CONTENT="and" WC="0.96" CC="036"/>
						<SP ID="P1_SP00716" HPOS="770" VPOS="3995" WIDTH="14"/>
						<String ID="P1_ST00879" HPOS="784" VPOS="3966" WIDTH="123" HEIGHT="25" CONTENT="sometimes," WC="0.98" CC="5646119662"/>
						<SP ID="P1_SP00717" HPOS="907" VPOS="3995" WIDTH="14"/>
						<String ID="P1_ST00880" HPOS="921" VPOS="3966" WIDTH="74" HEIGHT="23" CONTENT="friends" WC="0.99" CC="0000209"/>
						<SP ID="P1_SP00718" HPOS="995" VPOS="3995" WIDTH="11"/>
						<String ID="P1_ST00881" HPOS="1006" VPOS="3967" WIDTH="40" HEIGHT="28" CONTENT="Just" WC="0.96" CC="5190"/>
						<SP ID="P1_SP00719" HPOS="1046" VPOS="3995" WIDTH="14"/>
						<String ID="P1_ST00882" HPOS="1060" VPOS="3967" WIDTH="57" HEIGHT="22" CONTENT="don't" WC="0.98" CC="06320"/>
					</TextLine>
					<TextLine ID="P1_TL00164" HPOS="647" VPOS="4004" WIDTH="470" HEIGHT="29">
						<String ID="P1_ST00883" HPOS="647" VPOS="4008" WIDTH="53" HEIGHT="19" CONTENT="want" WC="0.98" CC="2016"/>
						<SP ID="P1_SP00720" HPOS="700" VPOS="4027" WIDTH="6"/>
						<String ID="P1_ST00884" HPOS="706" VPOS="4008" WIDTH="21" HEIGHT="19" CONTENT="to" WC="0.56" CC="44"/>
						<SP ID="P1_SP00721" HPOS="727" VPOS="4027" WIDTH="7"/>
						<String ID="P1_ST00885" HPOS="734" VPOS="4008" WIDTH="61" HEIGHT="19" CONTENT="waste" WC="0.97" CC="00686"/>
						<SP ID="P1_SP00722" HPOS="795" VPOS="4027" WIDTH="7"/>
						<String ID="P1_ST00886" HPOS="802" VPOS="4011" WIDTH="40" HEIGHT="22" CONTENT="gas." WC="0.99" CC="3000"/>
						<SP ID="P1_SP00723" HPOS="842" VPOS="4033" WIDTH="7"/>
						<String ID="P1_ST00887" HPOS="849" VPOS="4004" WIDTH="78" HEIGHT="23" CONTENT="What's" WC="0.98" CC="461730"/>
						<SP ID="P1_SP00724" HPOS="927" VPOS="4033" WIDTH="7"/>
						<String ID="P1_ST00888" HPOS="934" VPOS="4005" WIDTH="32" HEIGHT="22" CONTENT="the" WC="0.95" CC="066"/>
						<SP ID="P1_SP00725" HPOS="966" VPOS="4033" WIDTH="7"/>
						<String ID="P1_ST00889" HPOS="973" VPOS="4005" WIDTH="98" HEIGHT="22" CONTENT="solution?" WC="0.98" CC="955353634"/>
						<SP ID="P1_SP00726" HPOS="1071" VPOS="4033" WIDTH="6"/>
						<String ID="P1_ST00890" HPOS="1077" VPOS="4005" WIDTH="40" HEIGHT="22" CONTENT="Car" WC="1.00" CC="000"/>
					</TextLine>
				</TextBlock>
				<TextBlock ID="P1_TB00024" HPOS="1159" VPOS="3600" WIDTH="473" HEIGHT="445" STYLEREFS="TXT_0 PAR_BLOCK">
					<TextLine ID="P1_TL00165" HPOS="1160" VPOS="3600" WIDTH="84" HEIGHT="29">
						<String ID="P1_ST00891" HPOS="1160" VPOS="3600" WIDTH="84" HEIGHT="29" CONTENT="sharing." WC="0.99" CC="21903060"/>
					</TextLine>
					<TextLine ID="P1_TL00166" HPOS="1202" VPOS="3637" WIDTH="428" HEIGHT="29">
						<String ID="P1_ST00892" HPOS="1202" VPOS="3637" WIDTH="83" HEIGHT="29" CONTENT="Loyola," WC="0.98" CC="5605323"/>
						<SP ID="P1_SP00727" HPOS="1285" VPOS="3666" WIDTH="20"/>
						<String ID="P1_ST00893" HPOS="1305" VPOS="3638" WIDTH="19" HEIGHT="22" CONTENT="in" WC="0.93" CC="10"/>
						<SP ID="P1_SP00728" HPOS="1324" VPOS="3666" WIDTH="19"/>
						<String ID="P1_ST00894" HPOS="1343" VPOS="3638" WIDTH="127" HEIGHT="28" CONTENT="conjunction" WC="0.99" CC="78300280066"/>
						<SP ID="P1_SP00729" HPOS="1470" VPOS="3666" WIDTH="20"/>
						<String ID="P1_ST00895" HPOS="1490" VPOS="3638" WIDTH="47" HEIGHT="22" CONTENT="with" WC="0.98" CC="0065"/>
						<SP ID="P1_SP00730" HPOS="1537" VPOS="3666" WIDTH="18"/>
						<String ID="P1_ST00896" HPOS="1555" VPOS="3638" WIDTH="75" HEIGHT="22" CONTENT="Tulane" WC="0.73" CC="005900"/>
					</TextLine>
					<TextLine ID="P1_TL00167" HPOS="1161" VPOS="3675" WIDTH="470" HEIGHT="29">
						<String ID="P1_ST00897" HPOS="1161" VPOS="3675" WIDTH="115" HEIGHT="28" CONTENT="University," WC="1.00" CC="33000740000"/>
						<SP ID="P1_SP00731" HPOS="1276" VPOS="3703" WIDTH="11"/>
						<String ID="P1_ST00898" HPOS="1287" VPOS="3675" WIDTH="16" HEIGHT="22" CONTENT="Is" WC="0.57" CC="35"/>
						<SP ID="P1_SP00732" HPOS="1303" VPOS="3703" WIDTH="11"/>
						<String ID="P1_ST00899" HPOS="1314" VPOS="3675" WIDTH="19" HEIGHT="22" CONTENT="in" WC="1.00" CC="00"/>
						<SP ID="P1_SP00733" HPOS="1333" VPOS="3703" WIDTH="10"/>
						<String ID="P1_ST00900" HPOS="1343" VPOS="3675" WIDTH="32" HEIGHT="22" CONTENT="the" WC="0.93" CC="574"/>
						<SP ID="P1_SP00734" HPOS="1375" VPOS="3703" WIDTH="10"/>
						<String ID="P1_ST00901" HPOS="1385" VPOS="3682" WIDTH="81" HEIGHT="22" CONTENT="process" WC="0.98" CC="0446069"/>
						<SP ID="P1_SP00735" HPOS="1466" VPOS="3704" WIDTH="9"/>
						<String ID="P1_ST00902" HPOS="1475" VPOS="3675" WIDTH="26" HEIGHT="22" CONTENT="of" WC="1.00" CC="00"/>
						<SP ID="P1_SP00736" HPOS="1501" VPOS="3704" WIDTH="8"/>
						<String ID="P1_ST00903" HPOS="1509" VPOS="3675" WIDTH="99" HEIGHT="29" CONTENT="finalizing" WC="0.99" CC="6340405305"/>
						<SP ID="P1_SP00737" HPOS="1608" VPOS="3704" WIDTH="11"/>
						<String ID="P1_ST00904" HPOS="1619" VPOS="3682" WIDTH="12" HEIGHT="15" CONTENT="a" WC="1.00" CC="0"/>
					</TextLine>
					<TextLine ID="P1_TL00168" HPOS="1159" VPOS="3713" WIDTH="471" HEIGHT="28">
						<String ID="P1_ST00905" HPOS="1159" VPOS="3716" WIDTH="86" HEIGHT="19" CONTENT="contract" WC="0.99" CC="04000076"/>
						<SP ID="P1_SP00738" HPOS="1245" VPOS="3735" WIDTH="11"/>
						<String ID="P1_ST00906" HPOS="1256" VPOS="3713" WIDTH="40" HEIGHT="22" CONTENT="that" WC="0.97" CC="0706"/>
						<SP ID="P1_SP00739" HPOS="1296" VPOS="3735" WIDTH="11"/>
						<String ID="P1_ST00907" HPOS="1307" VPOS="3713" WIDTH="40" HEIGHT="22" CONTENT="will" WC="0.99" CC="0300"/>
						<SP ID="P1_SP00740" HPOS="1347" VPOS="3735" WIDTH="13"/>
						<String ID="P1_ST00908" HPOS="1360" VPOS="3713" WIDTH="116" HEIGHT="28" CONTENT="implement" WC="0.99" CC="030405033"/>
						<SP ID="P1_SP00741" HPOS="1476" VPOS="3741" WIDTH="11"/>
						<String ID="P1_ST00909" HPOS="1487" VPOS="3719" WIDTH="13" HEIGHT="16" CONTENT="a" WC="1.00" CC="0"/>
						<SP ID="P1_SP00742" HPOS="1500" VPOS="3741" WIDTH="10"/>
						<String ID="P1_ST00910" HPOS="1510" VPOS="3713" WIDTH="120" HEIGHT="28" CONTENT="car-sharing" WC="1.00" CC="24400200000"/>
					</TextLine>
					<TextLine ID="P1_TL00169" HPOS="1160" VPOS="3750" WIDTH="470" HEIGHT="29">
						<String ID="P1_ST00911" HPOS="1160" VPOS="3757" WIDTH="92" HEIGHT="22" CONTENT="program" WC="1.00" CC="0330000"/>
						<SP ID="P1_SP00743" HPOS="1252" VPOS="3779" WIDTH="13"/>
						<String ID="P1_ST00912" HPOS="1265" VPOS="3754" WIDTH="20" HEIGHT="18" CONTENT="to" WC="0.71" CC="05"/>
						<SP ID="P1_SP00744" HPOS="1285" VPOS="3779" WIDTH="12"/>
						<String ID="P1_ST00913" HPOS="1297" VPOS="3750" WIDTH="89" HEIGHT="22" CONTENT="alleviate" WC="0.99" CC="053000070"/>
						<SP ID="P1_SP00745" HPOS="1386" VPOS="3779" WIDTH="12"/>
						<String ID="P1_ST00914" HPOS="1398" VPOS="3751" WIDTH="32" HEIGHT="21" CONTENT="the" WC="0.97" CC="150"/>
						<SP ID="P1_SP00746" HPOS="1430" VPOS="3779" WIDTH="14"/>
						<String ID="P1_ST00915" HPOS="1444" VPOS="3751" WIDTH="43" HEIGHT="22" CONTENT="lack" WC="0.96" CC="3770"/>
						<SP ID="P1_SP00747" HPOS="1487" VPOS="3779" WIDTH="12"/>
						<String ID="P1_ST00916" HPOS="1499" VPOS="3750" WIDTH="26" HEIGHT="23" CONTENT="of" WC="0.57" CC="80"/>
						<SP ID="P1_SP00748" HPOS="1525" VPOS="3779" WIDTH="10"/>
						<String ID="P1_ST00917" HPOS="1535" VPOS="3751" WIDTH="95" HEIGHT="22" CONTENT="available" WC="0.99" CC="000042262"/>
					</TextLine>
					<TextLine ID="P1_TL00170" HPOS="1160" VPOS="3788" WIDTH="271" HEIGHT="29">
						<String ID="P1_ST00918" HPOS="1160" VPOS="3788" WIDTH="82" HEIGHT="29" CONTENT="paiking" WC="0.65" CC="0479020"/>
						<SP ID="P1_SP00749" HPOS="1242" VPOS="3817" WIDTH="6"/>
						<String ID="P1_ST00919" HPOS="1248" VPOS="3792" WIDTH="54" HEIGHT="25" CONTENT="spots" WC="0.99" CC="00400"/>
						<SP ID="P1_SP00750" HPOS="1302" VPOS="3817" WIDTH="6"/>
						<String ID="P1_ST00920" HPOS="1308" VPOS="3795" WIDTH="27" HEIGHT="15" CONTENT="on" WC="0.68" CC="60"/>
						<SP ID="P1_SP00751" HPOS="1335" VPOS="3817" WIDTH="6"/>
						<String ID="P1_ST00921" HPOS="1341" VPOS="3795" WIDTH="90" HEIGHT="22" CONTENT="campus." WC="0.99" CC="0070900"/>
					</TextLine>
					<TextLine ID="P1_TL00171" HPOS="1202" VPOS="3825" WIDTH="428" HEIGHT="29">
						<String ID="P1_ST00922" HPOS="1202" VPOS="3825" WIDTH="114" HEIGHT="29" CONTENT="According" WC="0.98" CC="086879409"/>
						<SP ID="P1_SP00752" HPOS="1316" VPOS="3854" WIDTH="17"/>
						<String ID="P1_ST00923" HPOS="1333" VPOS="3830" WIDTH="21" HEIGHT="17" CONTENT="to" WC="0.34" CC="66"/>
						<SP ID="P1_SP00753" HPOS="1354" VPOS="3854" WIDTH="17"/>
						<String ID="P1_ST00924" HPOS="1371" VPOS="3826" WIDTH="74" HEIGHT="22" CONTENT="Robert" WC="0.98" CC="067160"/>
						<SP ID="P1_SP00754" HPOS="1445" VPOS="3854" WIDTH="17"/>
						<String ID="P1_ST00925" HPOS="1462" VPOS="3826" WIDTH="63" HEIGHT="25" CONTENT="Reed," WC="0.97" CC="04790"/>
						<SP ID="P1_SP00755" HPOS="1525" VPOS="3854" WIDTH="17"/>
						<String ID="P1_ST00926" HPOS="1542" VPOS="3826" WIDTH="88" HEIGHT="22" CONTENT="assistant" WC="0.99" CC="095336400"/>
					</TextLine>
					<TextLine ID="P1_TL00172" HPOS="1160" VPOS="3863" WIDTH="471" HEIGHT="29">
						<String ID="P1_ST00927" HPOS="1160" VPOS="3863" WIDTH="44" HEIGHT="23" CONTENT="vice" WC="0.97" CC="0451"/>
						<SP ID="P1_SP00756" HPOS="1204" VPOS="3886" WIDTH="16"/>
						<String ID="P1_ST00928" HPOS="1220" VPOS="3863" WIDTH="97" HEIGHT="29" CONTENT="president" WC="1.00" CC="000000334"/>
						<SP ID="P1_SP00757" HPOS="1317" VPOS="3892" WIDTH="15"/>
						<String ID="P1_ST00929" HPOS="1332" VPOS="3863" WIDTH="25" HEIGHT="23" CONTENT="of" WC="0.58" CC="43"/>
						<SP ID="P1_SP00758" HPOS="1357" VPOS="3892" WIDTH="14"/>
						<String ID="P1_ST00930" HPOS="1371" VPOS="3863" WIDTH="77" HEIGHT="23" CONTENT="student" WC="0.99" CC="0530020"/>
						<SP ID="P1_SP00759" HPOS="1448" VPOS="3892" WIDTH="15"/>
						<String ID="P1_ST00931" HPOS="1463" VPOS="3863" WIDTH="71" HEIGHT="26" CONTENT="affairs," WC="0.99" CC="50004790"/>
						<SP ID="P1_SP00760" HPOS="1534" VPOS="3892" WIDTH="15"/>
						<String ID="P1_ST00932" HPOS="1549" VPOS="3864" WIDTH="33" HEIGHT="22" CONTENT="the" WC="0.97" CC="132"/>
						<SP ID="P1_SP00761" HPOS="1582" VPOS="3892" WIDTH="15"/>
						<String ID="P1_ST00933" HPOS="1597" VPOS="3871" WIDTH="34" HEIGHT="15" CONTENT="car" WC="0.97" CC="403"/>
					</TextLine>
					<TextLine ID="P1_TL00173" HPOS="1161" VPOS="3901" WIDTH="469" HEIGHT="30">
						<String ID="P1_ST00934" HPOS="1161" VPOS="3901" WIDTH="78" HEIGHT="29" CONTENT="sharing" WC="0.98" CC="4390109"/>
						<SP ID="P1_SP00762" HPOS="1239" VPOS="3930" WIDTH="14"/>
						<String ID="P1_ST00935" HPOS="1253" VPOS="3908" WIDTH="92" HEIGHT="23" CONTENT="program" WC="0.99" CC="0009006"/>
						<SP ID="P1_SP00763" HPOS="1345" VPOS="3931" WIDTH="14"/>
						<String ID="P1_ST00936" HPOS="1359" VPOS="3901" WIDTH="41" HEIGHT="22" CONTENT="will" WC="0.99" CC="0101"/>
						<SP ID="P1_SP00764" HPOS="1400" VPOS="3931" WIDTH="15"/>
						<String ID="P1_ST00937" HPOS="1415" VPOS="3901" WIDTH="51" HEIGHT="23" CONTENT="offer" WC="0.97" CC="66700"/>
						<SP ID="P1_SP00765" HPOS="1466" VPOS="3931" WIDTH="14"/>
						<String ID="P1_ST00938" HPOS="1480" VPOS="3908" WIDTH="25" HEIGHT="15" CONTENT="an" WC="0.79" CC="40"/>
						<SP ID="P1_SP00766" HPOS="1505" VPOS="3931" WIDTH="15"/>
						<String ID="P1_ST00939" HPOS="1520" VPOS="3901" WIDTH="110" HEIGHT="23" CONTENT="alternative" WC="0.99" CC="20043253304"/>
					</TextLine>
					<TextLine ID="P1_TL00174" HPOS="1160" VPOS="3940" WIDTH="471" HEIGHT="29">
						<String ID="P1_ST00940" HPOS="1160" VPOS="3944" WIDTH="21" HEIGHT="18" CONTENT="to" WC="0.65" CC="07"/>
						<SP ID="P1_SP00767" HPOS="1181" VPOS="3962" WIDTH="13"/>
						<String ID="P1_ST00941" HPOS="1194" VPOS="3940" WIDTH="94" HEIGHT="22" CONTENT="residents" WC="0.99" CC="118560900"/>
						<SP ID="P1_SP00768" HPOS="1288" VPOS="3962" WIDTH="14"/>
						<String ID="P1_ST00942" HPOS="1302" VPOS="3940" WIDTH="91" HEIGHT="29" CONTENT="bringing" WC="1.00" CC="20060100"/>
						<SP ID="P1_SP00769" HPOS="1393" VPOS="3969" WIDTH="13"/>
						<String ID="P1_ST00943" HPOS="1406" VPOS="3946" WIDTH="13" HEIGHT="16" CONTENT="a" WC="1.00" CC="0"/>
						<SP ID="P1_SP00770" HPOS="1419" VPOS="3969" WIDTH="12"/>
						<String ID="P1_ST00944" HPOS="1431" VPOS="3946" WIDTH="34" HEIGHT="16" CONTENT="car" WC="0.97" CC="214"/>
						<SP ID="P1_SP00771" HPOS="1465" VPOS="3969" WIDTH="12"/>
						<String ID="P1_ST00945" HPOS="1477" VPOS="3944" WIDTH="22" HEIGHT="18" CONTENT="to" WC="0.59" CC="34"/>
						<SP ID="P1_SP00772" HPOS="1499" VPOS="3969" WIDTH="12"/>
						<String ID="P1_ST00946" HPOS="1511" VPOS="3946" WIDTH="90" HEIGHT="22" CONTENT="campus." WC="0.99" CC="3700440"/>
						<SP ID="P1_SP00773" HPOS="1601" VPOS="3969" WIDTH="15"/>
						<String ID="P1_ST00947" HPOS="1616" VPOS="3940" WIDTH="15" HEIGHT="22" CONTENT="It" WC="1.00" CC="00"/>
					</TextLine>
					<TextLine ID="P1_TL00175" HPOS="1160" VPOS="3978" WIDTH="472" HEIGHT="25">
						<String ID="P1_ST00948" HPOS="1160" VPOS="3984" WIDTH="39" HEIGHT="17" CONTENT="can" WC="0.97" CC="530"/>
						<SP ID="P1_SP00774" HPOS="1199" VPOS="4001" WIDTH="10"/>
						<String ID="P1_ST00949" HPOS="1209" VPOS="3978" WIDTH="43" HEIGHT="23" CONTENT="also" WC="0.97" CC="4063"/>
						<SP ID="P1_SP00775" HPOS="1252" VPOS="4001" WIDTH="9"/>
						<String ID="P1_ST00950" HPOS="1261" VPOS="3978" WIDTH="27" HEIGHT="23" CONTENT="be" WC="1.00" CC="00"/>
						<SP ID="P1_SP00776" HPOS="1288" VPOS="4001" WIDTH="10"/>
						<String ID="P1_ST00951" HPOS="1298" VPOS="3978" WIDTH="104" HEIGHT="23" CONTENT="beneficial" WC="0.99" CC="0900780002"/>
						<SP ID="P1_SP00777" HPOS="1402" VPOS="4001" WIDTH="11"/>
						<String ID="P1_ST00952" HPOS="1413" VPOS="3978" WIDTH="17" HEIGHT="23" CONTENT="if" WC="0.71" CC="50"/>
						<SP ID="P1_SP00778" HPOS="1430" VPOS="4001" WIDTH="7"/>
						<String ID="P1_ST00953" HPOS="1437" VPOS="3984" WIDTH="14" HEIGHT="17" CONTENT="a" WC="1.00" CC="0"/>
						<SP ID="P1_SP00779" HPOS="1451" VPOS="4001" WIDTH="9"/>
						<String ID="P1_ST00954" HPOS="1460" VPOS="3978" WIDTH="82" HEIGHT="25" CONTENT="student," WC="0.98" CC="62509504"/>
						<SP ID="P1_SP00780" HPOS="1542" VPOS="4003" WIDTH="11"/>
						<String ID="P1_ST00955" HPOS="1553" VPOS="3978" WIDTH="48" HEIGHT="22" CONTENT="staff" WC="0.98" CC="90400"/>
						<SP ID="P1_SP00781" HPOS="1601" VPOS="4003" WIDTH="7"/>
						<String ID="P1_ST00956" HPOS="1608" VPOS="3984" WIDTH="24" HEIGHT="16" CONTENT="or" WC="0.74" CC="05"/>
					</TextLine>
					<TextLine ID="P1_TL00176" HPOS="1161" VPOS="4016" WIDTH="471" HEIGHT="29">
						<String ID="P1_ST00957" HPOS="1161" VPOS="4016" WIDTH="73" HEIGHT="29" CONTENT="faculty" WC="1.00" CC="0050000"/>
						<SP ID="P1_SP00782" HPOS="1234" VPOS="4045" WIDTH="11"/>
						<String ID="P1_ST00958" HPOS="1245" VPOS="4017" WIDTH="92" HEIGHT="22" CONTENT="member" WC="0.98" CC="003438"/>
						<SP ID="P1_SP00783" HPOS="1337" VPOS="4045" WIDTH="10"/>
						<String ID="P1_ST00959" HPOS="1347" VPOS="4016" WIDTH="16" HEIGHT="23" CONTENT="is" WC="0.50" CC="09"/>
						<SP ID="P1_SP00784" HPOS="1363" VPOS="4045" WIDTH="11"/>
						<String ID="P1_ST00960" HPOS="1374" VPOS="4016" WIDTH="19" HEIGHT="23" CONTENT="in" WC="1.00" CC="00"/>
						<SP ID="P1_SP00785" HPOS="1393" VPOS="4045" WIDTH="11"/>
						<String ID="P1_ST00961" HPOS="1404" VPOS="4016" WIDTH="51" HEIGHT="23" CONTENT="need" WC="0.97" CC="4090"/>
						<SP ID="P1_SP00786" HPOS="1455" VPOS="4045" WIDTH="9"/>
						<String ID="P1_ST00962" HPOS="1464" VPOS="4016" WIDTH="26" HEIGHT="23" CONTENT="of" WC="0.16" CC="69"/>
						<SP ID="P1_SP00787" HPOS="1490" VPOS="4045" WIDTH="7"/>
						<String ID="P1_ST00963" HPOS="1497" VPOS="4023" WIDTH="12" HEIGHT="15" CONTENT="a" WC="1.00" CC="0"/>
						<SP ID="P1_SP00788" HPOS="1509" VPOS="4045" WIDTH="10"/>
						<String ID="P1_ST00964" HPOS="1519" VPOS="4023" WIDTH="34" HEIGHT="15" CONTENT="car" WC="0.95" CC="490"/>
						<SP ID="P1_SP00789" HPOS="1553" VPOS="4045" WIDTH="8"/>
						<String ID="P1_ST00965" HPOS="1561" VPOS="4016" WIDTH="40" HEIGHT="22" CONTENT="due" WC="0.92" CC="694"/>
						<SP ID="P1_SP00790" HPOS="1601" VPOS="4045" WIDTH="10"/>
						<String ID="P1_ST00966" HPOS="1611" VPOS="4020" WIDTH="21" HEIGHT="18" CONTENT="to" WC="0.61" CC="07"/>
					</TextLine>
				</TextBlock>
				<TextBlock ID="P1_TB00025" HPOS="1675" VPOS="3601" WIDTH="472" HEIGHT="444" STYLEREFS="TXT_0 PAR_BLOCK">
					<TextLine ID="P1_TL00177" HPOS="1675" VPOS="3601" WIDTH="471" HEIGHT="24">
						<String ID="P1_ST00967" HPOS="1675" VPOS="3608" WIDTH="13" HEIGHT="15" CONTENT="a" WC="1.00" CC="0"/>
						<SP ID="P1_SP00791" HPOS="1688" VPOS="3623" WIDTH="10"/>
						<String ID="P1_ST00968" HPOS="1698" VPOS="3601" WIDTH="130" HEIGHT="22" CONTENT="malfunction" WC="0.99" CC="19764090274"/>
						<SP ID="P1_SP00792" HPOS="1828" VPOS="3623" WIDTH="12"/>
						<String ID="P1_ST00969" HPOS="1840" VPOS="3601" WIDTH="18" HEIGHT="22" CONTENT="in" WC="0.63" CC="42"/>
						<SP ID="P1_SP00793" HPOS="1858" VPOS="3623" WIDTH="11"/>
						<String ID="P1_ST00970" HPOS="1869" VPOS="3601" WIDTH="31" HEIGHT="22" CONTENT="his" WC="0.97" CC="070"/>
						<SP ID="P1_SP00794" HPOS="1900" VPOS="3623" WIDTH="9"/>
						<String ID="P1_ST00971" HPOS="1909" VPOS="3608" WIDTH="25" HEIGHT="15" CONTENT="or" WC="0.82" CC="30"/>
						<SP ID="P1_SP00795" HPOS="1934" VPOS="3623" WIDTH="9"/>
						<String ID="P1_ST00972" HPOS="1943" VPOS="3602" WIDTH="35" HEIGHT="21" CONTENT="her" WC="0.98" CC="021"/>
						<SP ID="P1_SP00796" HPOS="1978" VPOS="3623" WIDTH="10"/>
						<String ID="P1_ST00973" HPOS="1988" VPOS="3601" WIDTH="82" HEIGHT="24" CONTENT="vehicle," WC="0.99" CC="00029000"/>
						<SP ID="P1_SP00797" HPOS="2070" VPOS="3625" WIDTH="10"/>
						<String ID="P1_ST00974" HPOS="2080" VPOS="3605" WIDTH="21" HEIGHT="18" CONTENT="to" WC="0.45" CC="09"/>
						<SP ID="P1_SP00798" HPOS="2101" VPOS="3625" WIDTH="10"/>
						<String ID="P1_ST00975" HPOS="2111" VPOS="3608" WIDTH="35" HEIGHT="15" CONTENT="run" WC="0.93" CC="881"/>
					</TextLine>
					<TextLine ID="P1_TL00178" HPOS="1675" VPOS="3638" WIDTH="471" HEIGHT="29">
						<String ID="P1_ST00976" HPOS="1675" VPOS="3638" WIDTH="79" HEIGHT="22" CONTENT="errands" WC="0.99" CC="0000460"/>
						<SP ID="P1_SP00799" HPOS="1754" VPOS="3660" WIDTH="8"/>
						<String ID="P1_ST00977" HPOS="1762" VPOS="3645" WIDTH="23" HEIGHT="15" CONTENT="or" WC="0.39" CC="65"/>
						<SP ID="P1_SP00800" HPOS="1785" VPOS="3660" WIDTH="8"/>
						<String ID="P1_ST00978" HPOS="1793" VPOS="3642" WIDTH="20" HEIGHT="18" CONTENT="to" WC="0.41" CC="46"/>
						<SP ID="P1_SP00801" HPOS="1813" VPOS="3660" WIDTH="8"/>
						<String ID="P1_ST00979" HPOS="1821" VPOS="3645" WIDTH="28" HEIGHT="22" CONTENT="go" WC="0.28" CC="85"/>
						<SP ID="P1_SP00802" HPOS="1849" VPOS="3667" WIDTH="7"/>
						<String ID="P1_ST00980" HPOS="1856" VPOS="3642" WIDTH="35" HEIGHT="18" CONTENT="out" WC="0.99" CC="200"/>
						<SP ID="P1_SP00803" HPOS="1891" VPOS="3667" WIDTH="10"/>
						<String ID="P1_ST00981" HPOS="1901" VPOS="3638" WIDTH="31" HEIGHT="22" CONTENT="for" WC="0.94" CC="664"/>
						<SP ID="P1_SP00804" HPOS="1932" VPOS="3667" WIDTH="7"/>
						<String ID="P1_ST00982" HPOS="1939" VPOS="3646" WIDTH="12" HEIGHT="14" CONTENT="a" WC="1.00" CC="0"/>
						<SP ID="P1_SP00805" HPOS="1951" VPOS="3667" WIDTH="9"/>
						<String ID="P1_ST00983" HPOS="1960" VPOS="3639" WIDTH="58" HEIGHT="28" CONTENT="night" WC="0.99" CC="01007"/>
						<SP ID="P1_SP00806" HPOS="2018" VPOS="3667" WIDTH="9"/>
						<String ID="P1_ST00984" HPOS="2027" VPOS="3639" WIDTH="56" HEIGHT="25" CONTENT="Also," WC="0.97" CC="02960"/>
						<SP ID="P1_SP00807" HPOS="2083" VPOS="3667" WIDTH="9"/>
						<String ID="P1_ST00985" HPOS="2092" VPOS="3639" WIDTH="54" HEIGHT="22" CONTENT="since" WC="1.00" CC="00003"/>
					</TextLine>
					<TextLine ID="P1_TL00179" HPOS="1675" VPOS="3676" WIDTH="471" HEIGHT="29">
						<String ID="P1_ST00986" HPOS="1675" VPOS="3680" WIDTH="54" HEIGHT="17" CONTENT="most" WC="0.95" CC="3775"/>
						<SP ID="P1_SP00808" HPOS="1729" VPOS="3697" WIDTH="9"/>
						<String ID="P1_ST00987" HPOS="1738" VPOS="3676" WIDTH="87" HEIGHT="22" CONTENT="students" WC="0.99" CC="00590642"/>
						<SP ID="P1_SP00809" HPOS="1825" VPOS="3698" WIDTH="9"/>
						<String ID="P1_ST00988" HPOS="1834" VPOS="3683" WIDTH="33" HEIGHT="15" CONTENT="are" WC="0.98" CC="300"/>
						<SP ID="P1_SP00810" HPOS="1867" VPOS="3698" WIDTH="11"/>
						<String ID="P1_ST00989" HPOS="1878" VPOS="3676" WIDTH="61" HEIGHT="22" CONTENT="under" WC="0.99" CC="60040"/>
						<SP ID="P1_SP00811" HPOS="1939" VPOS="3698" WIDTH="10"/>
						<String ID="P1_ST00990" HPOS="1949" VPOS="3676" WIDTH="25" HEIGHT="22" CONTENT="25" WC="0.94" CC="10"/>
						<SP ID="P1_SP00812" HPOS="1974" VPOS="3698" WIDTH="10"/>
						<String ID="P1_ST00991" HPOS="1984" VPOS="3683" WIDTH="57" HEIGHT="22" CONTENT="years" WC="0.98" CC="10861"/>
						<SP ID="P1_SP00813" HPOS="2041" VPOS="3705" WIDTH="9"/>
						<String ID="P1_ST00992" HPOS="2050" VPOS="3676" WIDTH="41" HEIGHT="25" CONTENT="old," WC="1.00" CC="0000"/>
						<SP ID="P1_SP00814" HPOS="2091" VPOS="3705" WIDTH="9"/>
						<String ID="P1_ST00993" HPOS="2100" VPOS="3676" WIDTH="46" HEIGHT="29" CONTENT="they" WC="0.96" CC="2960"/>
					</TextLine>
					<TextLine ID="P1_TL00180" HPOS="1675" VPOS="3713" WIDTH="471" HEIGHT="29">
						<String ID="P1_ST00994" HPOS="1675" VPOS="3720" WIDTH="32" HEIGHT="16" CONTENT="are" WC="1.00" CC="000"/>
						<SP ID="P1_SP00815" HPOS="1707" VPOS="3736" WIDTH="11"/>
						<String ID="P1_ST00995" HPOS="1718" VPOS="3713" WIDTH="71" HEIGHT="23" CONTENT="unable" WC="0.99" CC="060125"/>
						<SP ID="P1_SP00816" HPOS="1789" VPOS="3736" WIDTH="10"/>
						<String ID="P1_ST00996" HPOS="1799" VPOS="3718" WIDTH="21" HEIGHT="18" CONTENT="to" WC="0.78" CC="04"/>
						<SP ID="P1_SP00817" HPOS="1820" VPOS="3736" WIDTH="9"/>
						<String ID="P1_ST00997" HPOS="1829" VPOS="3718" WIDTH="41" HEIGHT="18" CONTENT="rent" WC="0.99" CC="0004"/>
						<SP ID="P1_SP00818" HPOS="1870" VPOS="3736" WIDTH="10"/>
						<String ID="P1_ST00998" HPOS="1880" VPOS="3720" WIDTH="13" HEIGHT="16" CONTENT="a" WC="1.00" CC="0"/>
						<SP ID="P1_SP00819" HPOS="1893" VPOS="3736" WIDTH="8"/>
						<String ID="P1_ST00999" HPOS="1901" VPOS="3720" WIDTH="35" HEIGHT="16" CONTENT="car" WC="0.96" CC="090"/>
						<SP ID="P1_SP00820" HPOS="1936" VPOS="3736" WIDTH="9"/>
						<String ID="P1_ST01000" HPOS="1945" VPOS="3714" WIDTH="83" HEIGHT="22" CONTENT="without" WC="0.99" CC="6100640"/>
						<SP ID="P1_SP00821" HPOS="2028" VPOS="3736" WIDTH="9"/>
						<String ID="P1_ST01001" HPOS="2037" VPOS="3714" WIDTH="73" HEIGHT="28" CONTENT="paying" WC="1.00" CC="300010"/>
						<SP ID="P1_SP00822" HPOS="2110" VPOS="3742" WIDTH="11"/>
						<String ID="P1_ST01002" HPOS="2121" VPOS="3721" WIDTH="25" HEIGHT="15" CONTENT="an" WC="0.28" CC="85"/>
					</TextLine>
					<TextLine ID="P1_TL00181" HPOS="1675" VPOS="3751" WIDTH="355" HEIGHT="25">
						<String ID="P1_ST01003" HPOS="1675" VPOS="3751" WIDTH="104" HEIGHT="22" CONTENT="additional" WC="0.99" CC="5700056505"/>
						<SP ID="P1_SP00823" HPOS="1779" VPOS="3773" WIDTH="8"/>
						<String ID="P1_ST01004" HPOS="1787" VPOS="3751" WIDTH="38" HEIGHT="25" CONTENT="fee," WC="0.98" CC="0420"/>
						<SP ID="P1_SP00824" HPOS="1825" VPOS="3776" WIDTH="13"/>
						<String ID="P1_ST01005" HPOS="1838" VPOS="3751" WIDTH="17" HEIGHT="23" CONTENT="if" WC="1.00" CC="00"/>
						<SP ID="P1_SP00825" HPOS="1855" VPOS="3776" WIDTH="3"/>
						<String ID="P1_ST01006" HPOS="1858" VPOS="3755" WIDTH="19" HEIGHT="18" CONTENT="at" WC="0.63" CC="07"/>
						<SP ID="P1_SP00826" HPOS="1877" VPOS="3776" WIDTH="6"/>
						<String ID="P1_ST01007" HPOS="1883" VPOS="3752" WIDTH="31" HEIGHT="23" CONTENT="all." WC="1.00" CC="1000"/>
						<SP ID="P1_SP00827" HPOS="1914" VPOS="3776" WIDTH="7"/>
						<String ID="P1_ST01008" HPOS="1921" VPOS="3752" WIDTH="56" HEIGHT="22" CONTENT="Reed" WC="0.98" CC="0007"/>
						<SP ID="P1_SP00828" HPOS="1977" VPOS="3776" WIDTH="6"/>
						<String ID="P1_ST01009" HPOS="1983" VPOS="3752" WIDTH="47" HEIGHT="22" CONTENT="said." WC="1.00" CC="00400"/>
					</TextLine>
					<TextLine ID="P1_TL00182" HPOS="1716" VPOS="3789" WIDTH="431" HEIGHT="29">
						<String ID="P1_ST01010" HPOS="1716" VPOS="3789" WIDTH="44" HEIGHT="22" CONTENT="The" WC="0.98" CC="500"/>
						<SP ID="P1_SP00829" HPOS="1760" VPOS="3811" WIDTH="8"/>
						<String ID="P1_ST01011" HPOS="1768" VPOS="3789" WIDTH="112" HEIGHT="29" CONTENT="University" WC="0.99" CC="5000065020"/>
						<SP ID="P1_SP00830" HPOS="1880" VPOS="3818" WIDTH="10"/>
						<String ID="P1_ST01012" HPOS="1890" VPOS="3790" WIDTH="82" HEIGHT="28" CONTENT="Parking" WC="0.99" CC="4450100"/>
						<SP ID="P1_SP00831" HPOS="1972" VPOS="3818" WIDTH="8"/>
						<String ID="P1_ST01013" HPOS="1980" VPOS="3790" WIDTH="123" HEIGHT="22" CONTENT="Committee" WC="0.99" CC="030600410"/>
						<SP ID="P1_SP00832" HPOS="2103" VPOS="3818" WIDTH="8"/>
						<String ID="P1_ST01014" HPOS="2111" VPOS="3790" WIDTH="36" HEIGHT="22" CONTENT="has" WC="0.97" CC="060"/>
					</TextLine>
					<TextLine ID="P1_TL00183" HPOS="1675" VPOS="3826" WIDTH="472" HEIGHT="31">
						<String ID="P1_ST01015" HPOS="1675" VPOS="3826" WIDTH="51" HEIGHT="22" CONTENT="been" WC="0.98" CC="0450"/>
						<SP ID="P1_SP00833" HPOS="1726" VPOS="3848" WIDTH="6"/>
						<String ID="P1_ST01016" HPOS="1732" VPOS="3827" WIDTH="90" HEIGHT="28" CONTENT="working" WC="0.97" CC="8888800"/>
						<SP ID="P1_SP00834" HPOS="1822" VPOS="3855" WIDTH="5"/>
						<String ID="P1_ST01017" HPOS="1827" VPOS="3834" WIDTH="28" HEIGHT="15" CONTENT="on" WC="0.35" CC="66"/>
						<SP ID="P1_SP00835" HPOS="1855" VPOS="3855" WIDTH="6"/>
						<String ID="P1_ST01018" HPOS="1861" VPOS="3827" WIDTH="150" HEIGHT="29" CONTENT="implementing" WC="0.99" CC="432200630049"/>
						<SP ID="P1_SP00836" HPOS="2011" VPOS="3856" WIDTH="6"/>
						<String ID="P1_ST01019" HPOS="2017" VPOS="3827" WIDTH="32" HEIGHT="23" CONTENT="the" WC="0.97" CC="044"/>
						<SP ID="P1_SP00837" HPOS="2049" VPOS="3856" WIDTH="5"/>
						<String ID="P1_ST01020" HPOS="2054" VPOS="3835" WIDTH="93" HEIGHT="22" CONTENT="program" WC="0.98" CC="0008489"/>
					</TextLine>
					<TextLine ID="P1_TL00184" HPOS="1675" VPOS="3863" WIDTH="472" HEIGHT="25">
						<String ID="P1_ST01021" HPOS="1675" VPOS="3863" WIDTH="32" HEIGHT="23" CONTENT="for" WC="0.96" CC="551"/>
						<SP ID="P1_SP00838" HPOS="1707" VPOS="3886" WIDTH="6"/>
						<String ID="P1_ST01022" HPOS="1713" VPOS="3871" WIDTH="12" HEIGHT="15" CONTENT="a" WC="1.00" CC="0"/>
						<SP ID="P1_SP00839" HPOS="1725" VPOS="3886" WIDTH="8"/>
						<String ID="P1_ST01023" HPOS="1733" VPOS="3864" WIDTH="85" HEIGHT="22" CONTENT="number" WC="0.99" CC="400300"/>
						<SP ID="P1_SP00840" HPOS="1818" VPOS="3886" WIDTH="5"/>
						<String ID="P1_ST01024" HPOS="1823" VPOS="3864" WIDTH="26" HEIGHT="22" CONTENT="of" WC="0.76" CC="40"/>
						<SP ID="P1_SP00841" HPOS="1849" VPOS="3886" WIDTH="5"/>
						<String ID="P1_ST01025" HPOS="1854" VPOS="3864" WIDTH="74" HEIGHT="23" CONTENT="weeks." WC="0.99" CC="066000"/>
						<SP ID="P1_SP00842" HPOS="1928" VPOS="3887" WIDTH="9"/>
						<String ID="P1_ST01026" HPOS="1937" VPOS="3865" WIDTH="56" HEIGHT="22" CONTENT="Reed" WC="0.98" CC="0510"/>
						<SP ID="P1_SP00843" HPOS="1993" VPOS="3887" WIDTH="7"/>
						<String ID="P1_ST01027" HPOS="2000" VPOS="3865" WIDTH="107" HEIGHT="22" CONTENT="addressed" WC="0.99" CC="601000700"/>
						<SP ID="P1_SP00844" HPOS="2107" VPOS="3887" WIDTH="7"/>
						<String ID="P1_ST01028" HPOS="2114" VPOS="3866" WIDTH="33" HEIGHT="22" CONTENT="the" WC="0.98" CC="051"/>
					</TextLine>
					<TextLine ID="P1_TL00185" HPOS="1675" VPOS="3902" WIDTH="471" HEIGHT="30">
						<String ID="P1_ST01029" HPOS="1675" VPOS="3902" WIDTH="46" HEIGHT="29" CONTENT="plan" WC="0.98" CC="0034"/>
						<SP ID="P1_SP00845" HPOS="1721" VPOS="3931" WIDTH="7"/>
						<String ID="P1_ST01030" HPOS="1728" VPOS="3906" WIDTH="19" HEIGHT="18" CONTENT="at" WC="0.79" CC="04"/>
						<SP ID="P1_SP00846" HPOS="1747" VPOS="3931" WIDTH="7"/>
						<String ID="P1_ST01031" HPOS="1754" VPOS="3902" WIDTH="32" HEIGHT="22" CONTENT="the" WC="0.98" CC="050"/>
						<SP ID="P1_SP00847" HPOS="1786" VPOS="3931" WIDTH="8"/>
						<String ID="P1_ST01032" HPOS="1794" VPOS="3902" WIDTH="57" HEIGHT="22" CONTENT="SGA" WC="0.69" CC="044"/>
						<SP ID="P1_SP00848" HPOS="1851" VPOS="3931" WIDTH="5"/>
						<String ID="P1_ST01033" HPOS="1856" VPOS="3906" WIDTH="56" HEIGHT="18" CONTENT="town" WC="0.99" CC="0500"/>
						<SP ID="P1_SP00849" HPOS="1912" VPOS="3931" WIDTH="7"/>
						<String ID="P1_ST01034" HPOS="1919" VPOS="3902" WIDTH="38" HEIGHT="22" CONTENT="hall" WC="0.98" CC="0610"/>
						<SP ID="P1_SP00850" HPOS="1957" VPOS="3931" WIDTH="9"/>
						<String ID="P1_ST01035" HPOS="1966" VPOS="3903" WIDTH="87" HEIGHT="29" CONTENT="meeting" WC="0.98" CC="0063347"/>
						<SP ID="P1_SP00851" HPOS="2053" VPOS="3932" WIDTH="7"/>
						<String ID="P1_ST01036" HPOS="2060" VPOS="3910" WIDTH="28" HEIGHT="15" CONTENT="on" WC="0.82" CC="30"/>
						<SP ID="P1_SP00852" HPOS="2088" VPOS="3932" WIDTH="7"/>
						<String ID="P1_ST01037" HPOS="2095" VPOS="3903" WIDTH="51" HEIGHT="23" CONTENT="Nov." WC="0.99" CC="0300"/>
					</TextLine>
					<TextLine ID="P1_TL00186" HPOS="1679" VPOS="3940" WIDTH="28" HEIGHT="22">
						<String ID="P1_ST01038" HPOS="1679" VPOS="3940" WIDTH="28" HEIGHT="22" CONTENT="17." WC="1.00" CC="000"/>
					</TextLine>
					<TextLine ID="P1_TL00187" HPOS="1717" VPOS="3978" WIDTH="430" HEIGHT="30">
						<String ID="P1_ST01039" HPOS="1717" VPOS="3978" WIDTH="44" HEIGHT="23" CONTENT="The" WC="1.00" CC="000"/>
						<SP ID="P1_SP00853" HPOS="1761" VPOS="4001" WIDTH="10"/>
						<String ID="P1_ST01040" HPOS="1771" VPOS="3978" WIDTH="116" HEIGHT="23" CONTENT="committee" WC="0.98" CC="279920565"/>
						<SP ID="P1_SP00854" HPOS="1887" VPOS="4001" WIDTH="10"/>
						<String ID="P1_ST01041" HPOS="1897" VPOS="3979" WIDTH="37" HEIGHT="22" CONTENT="has" WC="1.00" CC="000"/>
						<SP ID="P1_SP00855" HPOS="1934" VPOS="4001" WIDTH="10"/>
						<String ID="P1_ST01042" HPOS="1944" VPOS="3979" WIDTH="118" HEIGHT="22" CONTENT="considered" WC="0.99" CC="0609006229"/>
						<SP ID="P1_SP00856" HPOS="2062" VPOS="4001" WIDTH="10"/>
						<String ID="P1_ST01043" HPOS="2072" VPOS="3979" WIDTH="75" HEIGHT="29" CONTENT="Zipcar," WC="0.72" CC="0506601"/>
					</TextLine>
					<TextLine ID="P1_TL00188" HPOS="1676" VPOS="4016" WIDTH="471" HEIGHT="29">
						<String ID="P1_ST01044" HPOS="1676" VPOS="4016" WIDTH="78" HEIGHT="23" CONTENT="WeCar" WC="0.79" CC="21040"/>
						<SP ID="P1_SP00857" HPOS="1754" VPOS="4039" WIDTH="4"/>
						<String ID="P1_ST01045" HPOS="1758" VPOS="4016" WIDTH="27" HEIGHT="29" CONTENT="by" WC="0.72" CC="50"/>
						<SP ID="P1_SP00858" HPOS="1785" VPOS="4045" WIDTH="7"/>
						<String ID="P1_ST01046" HPOS="1792" VPOS="4017" WIDTH="109" HEIGHT="28" CONTENT="Enterprise" WC="0.99" CC="6016628550"/>
						<SP ID="P1_SP00859" HPOS="1901" VPOS="4045" WIDTH="5"/>
						<String ID="P1_ST01047" HPOS="1906" VPOS="4017" WIDTH="40" HEIGHT="22" CONTENT="and" WC="0.97" CC="170"/>
						<SP ID="P1_SP00860" HPOS="1946" VPOS="4045" WIDTH="4"/>
						<String ID="P1_ST01048" HPOS="1950" VPOS="4017" WIDTH="93" HEIGHT="22" CONTENT="Connect" WC="0.98" CC="0460427"/>
						<SP ID="P1_SP00861" HPOS="2043" VPOS="4045" WIDTH="6"/>
						<String ID="P1_ST01049" HPOS="2049" VPOS="4017" WIDTH="27" HEIGHT="28" CONTENT="by" WC="0.66" CC="60"/>
						<SP ID="P1_SP00862" HPOS="2076" VPOS="4045" WIDTH="7"/>
						<String ID="P1_ST01050" HPOS="2083" VPOS="4017" WIDTH="64" HEIGHT="25" CONTENT="Hertz," WC="0.98" CC="407600"/>
					</TextLine>
				</TextBlock>
				<TextBlock ID="P1_TB00026" HPOS="2191" VPOS="3602" WIDTH="472" HEIGHT="367" STYLEREFS="TXT_0 PAR_LEFT">
					<TextLine ID="P1_TL00189" HPOS="2193" VPOS="3602" WIDTH="469" HEIGHT="28">
						<String ID="P1_ST01051" HPOS="2193" VPOS="3602" WIDTH="83" HEIGHT="21" CONTENT="national" WC="0.97" CC="69878075"/>
						<SP ID="P1_SP00863" HPOS="2276" VPOS="3623" WIDTH="10"/>
						<String ID="P1_ST01052" HPOS="2286" VPOS="3608" WIDTH="34" HEIGHT="15" CONTENT="car" WC="0.97" CC="700"/>
						<SP ID="P1_SP00864" HPOS="2320" VPOS="3623" WIDTH="8"/>
						<String ID="P1_ST01053" HPOS="2328" VPOS="3602" WIDTH="79" HEIGHT="27" CONTENT="sharing" WC="0.99" CC="0270000"/>
						<SP ID="P1_SP00865" HPOS="2407" VPOS="3629" WIDTH="7"/>
						<String ID="P1_ST01054" HPOS="2414" VPOS="3602" WIDTH="123" HEIGHT="28" CONTENT="companies," WC="0.98" CC="8875752080"/>
						<SP ID="P1_SP00866" HPOS="2537" VPOS="3630" WIDTH="9"/>
						<String ID="P1_ST01055" HPOS="2546" VPOS="3608" WIDTH="22" HEIGHT="15" CONTENT="as" WC="0.50" CC="90"/>
						<SP ID="P1_SP00867" HPOS="2568" VPOS="3630" WIDTH="10"/>
						<String ID="P1_ST01056" HPOS="2578" VPOS="3602" WIDTH="84" HEIGHT="21" CONTENT="vendor*" WC="0.97" CC="1207987"/>
					</TextLine>
					<TextLine ID="P1_TL00190" HPOS="2192" VPOS="3639" WIDTH="173" HEIGHT="28">
						<String ID="P1_ST01057" HPOS="2192" VPOS="3640" WIDTH="31" HEIGHT="21" CONTENT="tor" WC="0.92" CC="794"/>
						<SP ID="P1_SP00868" HPOS="2223" VPOS="3661" WIDTH="5"/>
						<String ID="P1_ST01058" HPOS="2228" VPOS="3639" WIDTH="32" HEIGHT="22" CONTENT="the" WC="0.97" CC="440"/>
						<SP ID="P1_SP00869" HPOS="2260" VPOS="3661" WIDTH="7"/>
						<String ID="P1_ST01059" HPOS="2267" VPOS="3645" WIDTH="98" HEIGHT="22" CONTENT="program." WC="0.98" CC="07705070"/>
					</TextLine>
					<TextLine ID="P1_TL00191" HPOS="2234" VPOS="3677" WIDTH="429" HEIGHT="22">
						<String ID="P1_ST01060" HPOS="2234" VPOS="3677" WIDTH="86" HEIGHT="22" CONTENT='"Robert' WC="0.99" CC="6206200"/>
						<SP ID="P1_SP00870" HPOS="2320" VPOS="3699" WIDTH="17"/>
						<String ID="P1_ST01061" HPOS="2337" VPOS="3677" WIDTH="56" HEIGHT="22" CONTENT="Reed" WC="0.96" CC="0676"/>
						<SP ID="P1_SP00871" HPOS="2393" VPOS="3699" WIDTH="16"/>
						<String ID="P1_ST01062" HPOS="2409" VPOS="3677" WIDTH="36" HEIGHT="22" CONTENT="has" WC="0.97" CC="070"/>
						<SP ID="P1_SP00872" HPOS="2445" VPOS="3699" WIDTH="17"/>
						<String ID="P1_ST01063" HPOS="2462" VPOS="3677" WIDTH="54" HEIGHT="22" CONTENT="since" WC="0.98" CC="20562"/>
						<SP ID="P1_SP00873" HPOS="2516" VPOS="3699" WIDTH="17"/>
						<String ID="P1_ST01064" HPOS="2533" VPOS="3677" WIDTH="72" HEIGHT="22" CONTENT="looked" WC="0.98" CC="370450"/>
						<SP ID="P1_SP00874" HPOS="2605" VPOS="3699" WIDTH="18"/>
						<String ID="P1_ST01065" HPOS="2623" VPOS="3677" WIDTH="40" HEIGHT="21" CONTENT="into" WC="0.98" CC="0009"/>
					</TextLine>
					<TextLine ID="P1_TL00192" HPOS="2191" VPOS="3714" WIDTH="470" HEIGHT="29">
						<String ID="P1_ST01066" HPOS="2191" VPOS="3714" WIDTH="57" HEIGHT="22" CONTENT="other" WC="0.96" CC="97560"/>
						<SP ID="P1_SP00875" HPOS="2248" VPOS="3736" WIDTH="18"/>
						<String ID="P1_ST01067" HPOS="2266" VPOS="3715" WIDTH="72" HEIGHT="22" CONTENT="brands" WC="1.00" CC="000004"/>
						<SP ID="P1_SP00876" HPOS="2338" VPOS="3737" WIDTH="19"/>
						<String ID="P1_ST01068" HPOS="2357" VPOS="3714" WIDTH="24" HEIGHT="23" CONTENT="of" WC="0.79" CC="40"/>
						<SP ID="P1_SP00877" HPOS="2381" VPOS="3737" WIDTH="17"/>
						<String ID="P1_ST01069" HPOS="2398" VPOS="3722" WIDTH="34" HEIGHT="15" CONTENT="car" WC="0.96" CC="630"/>
						<SP ID="P1_SP00878" HPOS="2432" VPOS="3737" WIDTH="19"/>
						<String ID="P1_ST01070" HPOS="2451" VPOS="3715" WIDTH="82" HEIGHT="28" CONTENT="sharing." WC="0.99" CC="70900000"/>
						<SP ID="P1_SP00879" HPOS="2533" VPOS="3743" WIDTH="19"/>
						<String ID="P1_ST01071" HPOS="2552" VPOS="3715" WIDTH="44" HEIGHT="21" CONTENT="The" WC="0.96" CC="470"/>
						<SP ID="P1_SP00880" HPOS="2596" VPOS="3743" WIDTH="20"/>
						<String ID="P1_ST01072" HPOS="2616" VPOS="3714" WIDTH="45" HEIGHT="22" CONTENT="final" WC="0.97" CC="73503"/>
					</TextLine>
					<TextLine ID="P1_TL00193" HPOS="2193" VPOS="3752" WIDTH="470" HEIGHT="29">
						<String ID="P1_ST01073" HPOS="2193" VPOS="3752" WIDTH="183" HEIGHT="22" CONTENT="recommendation" WC="0.99" CC="44808460007094"/>
						<SP ID="P1_SP00881" HPOS="2376" VPOS="3774" WIDTH="9"/>
						<String ID="P1_ST01074" HPOS="2385" VPOS="3759" WIDTH="101" HEIGHT="22" CONTENT="company" WC="0.99" CC="8400402"/>
						<SP ID="P1_SP00882" HPOS="2486" VPOS="3781" WIDTH="10"/>
						<String ID="P1_ST01075" HPOS="2496" VPOS="3752" WIDTH="16" HEIGHT="22" CONTENT="Ls" WC="0.69" CC="60"/>
						<SP ID="P1_SP00883" HPOS="2512" VPOS="3781" WIDTH="9"/>
						<String ID="P1_ST01076" HPOS="2521" VPOS="3752" WIDTH="59" HEIGHT="29" CONTENT="being" WC="0.99" CC="60000"/>
						<SP ID="P1_SP00884" HPOS="2580" VPOS="3781" WIDTH="11"/>
						<String ID="P1_ST01077" HPOS="2591" VPOS="3752" WIDTH="72" HEIGHT="22" CONTENT="looked" WC="0.96" CC="396669"/>
					</TextLine>
					<TextLine ID="P1_TL00194" HPOS="2192" VPOS="3789" WIDTH="470" HEIGHT="29">
						<String ID="P1_ST01078" HPOS="2192" VPOS="3794" WIDTH="18" HEIGHT="18" CONTENT="at" WC="0.76" CC="04"/>
						<SP ID="P1_SP00885" HPOS="2210" VPOS="3812" WIDTH="10"/>
						<String ID="P1_ST01079" HPOS="2220" VPOS="3790" WIDTH="27" HEIGHT="28" CONTENT="by" WC="1.00" CC="00"/>
						<SP ID="P1_SP00886" HPOS="2247" VPOS="3818" WIDTH="9"/>
						<String ID="P1_ST01080" HPOS="2256" VPOS="3790" WIDTH="50" HEIGHT="26" CONTENT="(the)" WC="0.98" CC="46600"/>
						<SP ID="P1_SP00887" HPOS="2306" VPOS="3818" WIDTH="9"/>
						<String ID="P1_ST01081" HPOS="2315" VPOS="3790" WIDTH="88" HEIGHT="22" CONTENT="school's" WC="0.99" CC="52691000"/>
						<SP ID="P1_SP00888" HPOS="2403" VPOS="3818" WIDTH="9"/>
						<String ID="P1_ST01082" HPOS="2412" VPOS="3790" WIDTH="49" HEIGHT="28" CONTENT="legal" WC="0.98" CC="02017"/>
						<SP ID="P1_SP00889" HPOS="2461" VPOS="3818" WIDTH="10"/>
						<String ID="P1_ST01083" HPOS="2471" VPOS="3790" WIDTH="140" HEIGHT="28" CONTENT='department,"' WC="0.99" CC="040932760061"/>
						<SP ID="P1_SP00890" HPOS="2611" VPOS="3818" WIDTH="9"/>
						<String ID="P1_ST01084" HPOS="2620" VPOS="3789" WIDTH="42" HEIGHT="22" CONTENT="said" WC="0.97" CC="8030"/>
					</TextLine>
					<TextLine ID="P1_TL00195" HPOS="2191" VPOS="3828" WIDTH="472" HEIGHT="28">
						<String ID="P1_ST01085" HPOS="2191" VPOS="3828" WIDTH="75" HEIGHT="22" CONTENT="Jessica" WC="0.99" CC="5060200"/>
						<SP ID="P1_SP00891" HPOS="2266" VPOS="3850" WIDTH="5"/>
						<String ID="P1_ST01086" HPOS="2271" VPOS="3828" WIDTH="60" HEIGHT="28" CONTENT="Burg," WC="0.98" CC="07270"/>
						<SP ID="P1_SP00892" HPOS="2331" VPOS="3856" WIDTH="6"/>
						<String ID="P1_ST01087" HPOS="2337" VPOS="3828" WIDTH="110" HEIGHT="28" CONTENT="University" WC="0.99" CC="4020077000"/>
						<SP ID="P1_SP00893" HPOS="2447" VPOS="3856" WIDTH="6"/>
						<String ID="P1_ST01088" HPOS="2453" VPOS="3828" WIDTH="83" HEIGHT="28" CONTENT="Parking" WC="0.97" CC="7969300"/>
						<SP ID="P1_SP00894" HPOS="2536" VPOS="3856" WIDTH="4"/>
						<String ID="P1_ST01089" HPOS="2540" VPOS="3828" WIDTH="123" HEIGHT="22" CONTENT="Committee" WC="0.99" CC="006020475"/>
					</TextLine>
					<TextLine ID="P1_TL00196" HPOS="2193" VPOS="3866" WIDTH="469" HEIGHT="28">
						<String ID="P1_ST01090" HPOS="2193" VPOS="3866" WIDTH="92" HEIGHT="22" CONTENT="member" WC="0.99" CC="560000"/>
						<SP ID="P1_SP00895" HPOS="2285" VPOS="3888" WIDTH="5"/>
						<String ID="P1_ST01091" HPOS="2290" VPOS="3866" WIDTH="40" HEIGHT="22" CONTENT="and" WC="1.00" CC="000"/>
						<SP ID="P1_SP00896" HPOS="2330" VPOS="3888" WIDTH="6"/>
						<String ID="P1_ST01092" HPOS="2336" VPOS="3866" WIDTH="117" HEIGHT="28" CONTENT="accounting" WC="0.98" CC="9899570627"/>
						<SP ID="P1_SP00897" HPOS="2453" VPOS="3894" WIDTH="7"/>
						<String ID="P1_ST01093" HPOS="2460" VPOS="3866" WIDTH="70" HEIGHT="22" CONTENT="senior," WC="0.99" CC="0200950"/>
						<SP ID="P1_SP00898" HPOS="2530" VPOS="3894" WIDTH="7"/>
						<String ID="P1_ST01094" HPOS="2537" VPOS="3866" WIDTH="19" HEIGHT="22" CONTENT="in" WC="0.60" CC="52"/>
						<SP ID="P1_SP00899" HPOS="2556" VPOS="3894" WIDTH="7"/>
						<String ID="P1_ST01095" HPOS="2563" VPOS="3872" WIDTH="25" HEIGHT="16" CONTENT="an" WC="1.00" CC="00"/>
						<SP ID="P1_SP00900" HPOS="2588" VPOS="3894" WIDTH="6"/>
						<String ID="P1_ST01096" HPOS="2594" VPOS="3866" WIDTH="68" HEIGHT="22" CONTENT="e-mail" WC="1.00" CC="005000"/>
					</TextLine>
					<TextLine ID="P1_TL00197" HPOS="2192" VPOS="3904" WIDTH="167" HEIGHT="22">
						<String ID="P1_ST01097" HPOS="2192" VPOS="3908" WIDTH="21" HEIGHT="18" CONTENT="to" WC="0.50" CC="09"/>
						<SP ID="P1_SP00901" HPOS="2213" VPOS="3926" WIDTH="4"/>
						<String ID="P1_ST01098" HPOS="2217" VPOS="3904" WIDTH="44" HEIGHT="22" CONTENT="The" WC="0.93" CC="567"/>
						<SP ID="P1_SP00902" HPOS="2261" VPOS="3926" WIDTH="7"/>
						<String ID="P1_ST01099" HPOS="2268" VPOS="3904" WIDTH="91" HEIGHT="21" CONTENT="Man**i." WC="0.59" CC="5084370"/>
					</TextLine>
					<TextLine ID="P1_TL00198" HPOS="2235" VPOS="3941" WIDTH="428" HEIGHT="28">
						<String ID="P1_ST01100" HPOS="2235" VPOS="3942" WIDTH="71" HEIGHT="27" CONTENT="Zipcar" WC="0.47" CC="067790"/>
						<SP ID="P1_SP00903" HPOS="2306" VPOS="3969" WIDTH="13"/>
						<String ID="P1_ST01101" HPOS="2319" VPOS="3941" WIDTH="40" HEIGHT="22" CONTENT="and" WC="0.96" CC="506"/>
						<SP ID="P1_SP00904" HPOS="2359" VPOS="3969" WIDTH="13"/>
						<String ID="P1_ST01102" HPOS="2372" VPOS="3941" WIDTH="91" HEIGHT="23" CONTENT="Connect" WC="0.98" CC="0550666"/>
						<SP ID="P1_SP00905" HPOS="2463" VPOS="3969" WIDTH="14"/>
						<String ID="P1_ST01103" HPOS="2477" VPOS="3941" WIDTH="52" HEIGHT="22" CONTENT="offer" WC="0.97" CC="67700"/>
						<SP ID="P1_SP00906" HPOS="2529" VPOS="3969" WIDTH="13"/>
						<String ID="P1_ST01104" HPOS="2542" VPOS="3941" WIDTH="32" HEIGHT="22" CONTENT="the" WC="0.95" CC="084"/>
						<SP ID="P1_SP00907" HPOS="2574" VPOS="3969" WIDTH="13"/>
						<String ID="P1_ST01105" HPOS="2587" VPOS="3941" WIDTH="76" HEIGHT="28" CONTENT="Toyota" WC="0.98" CC="600660"/>
					</TextLine>
				</TextBlock>
				<TextBlock ID="P1_TB00027" HPOS="1864" VPOS="1040" WIDTH="286" HEIGHT="35" STYLEREFS="TXT_0 PAR_RIGHT">
					<TextLine ID="P1_TL00199" HPOS="1864" VPOS="1040" WIDTH="286" HEIGHT="35">
						<String ID="P1_ST01106" HPOS="1864" VPOS="1047" WIDTH="50" HEIGHT="23" CONTENT="see" WC="0.99" CC="020"/>
						<SP ID="P1_SP00908" HPOS="1914" VPOS="1070" WIDTH="11"/>
						<String ID="P1_ST01107" HPOS="1925" VPOS="1040" WIDTH="109" HEIGHT="33" CONTENT="iLIVE," WC="0.90" CC="050000"/>
						<SP ID="P1_SP00909" HPOS="2034" VPOS="1073" WIDTH="15"/>
						<String ID="P1_ST01108" HPOS="2049" VPOS="1046" WIDTH="73" HEIGHT="29" CONTENT="page" WC="1.00" CC="0000"/>
						<SP ID="P1_SP00910" HPOS="2122" VPOS="1075" WIDTH="11"/>
						<String ID="P1_ST01109" HPOS="2133" VPOS="1040" WIDTH="17" HEIGHT="28" CONTENT="4" WC="0.48" CC="5"/>
					</TextLine>
				</TextBlock>
				<TextBlock ID="P1_TB00028" HPOS="2278" VPOS="3262" WIDTH="387" HEIGHT="36" STYLEREFS="TXT_0 PAR_RIGHT">
					<TextLine ID="P1_TL00200" HPOS="2278" VPOS="3263" WIDTH="387" HEIGHT="35">
						<String ID="P1_ST01110" HPOS="2278" VPOS="3270" WIDTH="49" HEIGHT="22" CONTENT="see" WC="1.00" CC="010"/>
						<SP ID="P1_SP00911" HPOS="2327" VPOS="3292" WIDTH="11"/>
						<String ID="P1_ST01111" HPOS="2338" VPOS="3264" WIDTH="201" HEIGHT="33" CONTENT="ADVISING," WC="1.00" CC="000000000"/>
						<SP ID="P1_SP00912" HPOS="2539" VPOS="3297" WIDTH="14"/>
						<String ID="P1_ST01112" HPOS="2553" VPOS="3270" WIDTH="73" HEIGHT="28" CONTENT="page" WC="0.99" CC="1040"/>
						<SP ID="P1_SP00913" HPOS="2626" VPOS="3298" WIDTH="21"/>
						<String ID="P1_ST01113" HPOS="2647" VPOS="3263" WIDTH="18" HEIGHT="29" CONTENT="3" WC="1.00" CC="0"/>
					</TextLine>
				</TextBlock>
				<TextBlock ID="P1_TB00029" HPOS="340" VPOS="4011" WIDTH="264" HEIGHT="36" STYLEREFS="TXT_0 PAR_LEFT">
					<TextLine ID="P1_TL00201" HPOS="340" VPOS="4011" WIDTH="264" HEIGHT="36">
						<String ID="P1_ST01114" HPOS="340" VPOS="4018" WIDTH="50" HEIGHT="24" CONTENT="see" WC="1.00" CC="000"/>
						<SP ID="P1_SP00914" HPOS="390" VPOS="4042" WIDTH="10"/>
						<String ID="P1_ST01115" HPOS="400" VPOS="4012" WIDTH="88" HEIGHT="33" CONTENT="SGA," WC="0.92" CC="0003"/>
						<SP ID="P1_SP00915" HPOS="488" VPOS="4045" WIDTH="15"/>
						<String ID="P1_ST01116" HPOS="503" VPOS="4017" WIDTH="72" HEIGHT="30" CONTENT="page" WC="1.00" CC="0001"/>
						<SP ID="P1_SP00916" HPOS="575" VPOS="4047" WIDTH="11"/>
						<String ID="P1_ST01117" HPOS="586" VPOS="4011" WIDTH="18" HEIGHT="29" CONTENT="4" WC="1.00" CC="0"/>
					</TextLine>
				</TextBlock>
				<TextBlock ID="P1_TB00030" HPOS="2373" VPOS="4011" WIDTH="291" HEIGHT="36" STYLEREFS="TXT_0 PAR_RIGHT">
					<TextLine ID="P1_TL00202" HPOS="2373" VPOS="4011" WIDTH="291" HEIGHT="36">
						<String ID="P1_ST01118" HPOS="2373" VPOS="4018" WIDTH="51" HEIGHT="23" CONTENT="see" WC="1.00" CC="000"/>
						<SP ID="P1_SP00917" HPOS="2424" VPOS="4041" WIDTH="9"/>
						<String ID="P1_ST01119" HPOS="2433" VPOS="4012" WIDTH="116" HEIGHT="33" CONTENT="CARS," WC="1.00" CC="00000"/>
						<SP ID="P1_SP00918" HPOS="2549" VPOS="4045" WIDTH="14"/>
						<String ID="P1_ST01120" HPOS="2563" VPOS="4017" WIDTH="73" HEIGHT="30" CONTENT="page" WC="0.99" CC="0140"/>
						<SP ID="P1_SP00919" HPOS="2636" VPOS="4047" WIDTH="11"/>
						<String ID="P1_ST01121" HPOS="2647" VPOS="4011" WIDTH="17" HEIGHT="29" CONTENT="4" WC="1.00" CC="0"/>
					</TextLine>
				</TextBlock>
				<ComposedBlock ID="P1_CB00001" HPOS="643" VPOS="1393" WIDTH="1509" HEIGHT="1735" STYLEREFS="TXT_0 PAR_LEFT" TYPE="Illustration">
					<GraphicalElement ID="P1_CB00001_SUB" HPOS="643" VPOS="1393" WIDTH="1509" HEIGHT="1735"/>
				</ComposedBlock>
				<ComposedBlock ID="P1_CB00002" HPOS="1718" VPOS="116" WIDTH="934" HEIGHT="309" TYPE="Advertisement">
					<TextBlock ID="P1_TB00031" HPOS="1718" VPOS="116" WIDTH="934" HEIGHT="309" STYLEREFS="TXT_0 PAR_LEFT">
						<TextLine ID="P1_TL00203" HPOS="2061" VPOS="121" WIDTH="591" HEIGHT="80">
							<String ID="P1_ST01122" HPOS="2061" VPOS="128" WIDTH="193" HEIGHT="45" CONTENT="Women's" WC="0.98" CC="4554400"/>
							<SP ID="P1_SP00920" HPOS="2254" VPOS="173" WIDTH="248"/>
							<String ID="P1_ST01123" HPOS="2502" VPOS="121" WIDTH="150" HEIGHT="80" CONTENT="ijj||" WC="0.16" CC="98787"/>
						</TextLine>
						<TextLine ID="P1_TL00204" HPOS="2021" VPOS="356" WIDTH="231" HEIGHT="54">
							<String ID="P1_ST01124" HPOS="2021" VPOS="356" WIDTH="231" HEIGHT="54" CONTENT="seepages" WC="0.98" CC="41040756"/>
						</TextLine>
					</TextBlock>
				</ComposedBlock>
				<ComposedBlock ID="P1_CB00003" HPOS="177" VPOS="4108" WIDTH="2443" HEIGHT="43" TYPE="Advertisement">
					<TextBlock ID="P1_TB00032" HPOS="177" VPOS="4108" WIDTH="2443" HEIGHT="43" STYLEREFS="TXT_0 PAR_CENTER">
						<TextLine ID="P1_TL00205" HPOS="177" VPOS="4108" WIDTH="2442" HEIGHT="43">
							<String ID="P1_ST01125" HPOS="177" VPOS="4113" WIDTH="151" HEIGHT="32" CONTENT="MAROON" WC="1.00" CC="020002"/>
							<SP ID="P1_SP00921" HPOS="328" VPOS="4145" WIDTH="17"/>
							<String ID="P1_ST01126" HPOS="345" VPOS="4111" WIDTH="211" HEIGHT="33" CONTENT="DIRECTORY:" WC="1.00" CC="0020200000"/>
							<SP ID="P1_SP00922" HPOS="556" VPOS="4145" WIDTH="62"/>
							<String ID="P1_ST01127" HPOS="618" VPOS="4111" WIDTH="112" HEIGHT="32" CONTENT="CRIME" WC="1.00" CC="00000"/>
							<SP ID="P1_SP00923" HPOS="730" VPOS="4145" WIDTH="16"/>
							<String ID="P1_ST01128" HPOS="746" VPOS="4111" WIDTH="131" HEIGHT="37" CONTENT="WATCH," WC="0.99" CC="130001"/>
							<SP ID="P1_SP00924" HPOS="877" VPOS="4148" WIDTH="14"/>
							<String ID="P1_ST01129" HPOS="891" VPOS="4119" WIDTH="59" HEIGHT="31" CONTENT="page" WC="0.98" CC="0530"/>
							<SP ID="P1_SP00925" HPOS="950" VPOS="4150" WIDTH="12"/>
							<String ID="P1_ST01130" HPOS="962" VPOS="4111" WIDTH="12" HEIGHT="32" CONTENT="2" WC="0.03" CC="9"/>
							<SP ID="P1_SP00926" HPOS="974" VPOS="4150" WIDTH="43"/>
							<String ID="P1_ST01131" HPOS="1017" VPOS="4108" WIDTH="6" HEIGHT="42" CONTENT="|" WC="1.00" CC="0"/>
							<SP ID="P1_SP00927" HPOS="1023" VPOS="4150" WIDTH="43"/>
							<String ID="P1_ST01132" HPOS="1066" VPOS="4112" WIDTH="77" HEIGHT="32" CONTENT="LIFE" WC="1.00" CC="2000"/>
							<SP ID="P1_SP00928" HPOS="1143" VPOS="4150" WIDTH="15"/>
							<String ID="P1_ST01133" HPOS="1158" VPOS="4112" WIDTH="23" HEIGHT="32" CONTENT="&amp;" WC="0.85" CC="1"/>
							<SP ID="P1_SP00929" HPOS="1181" VPOS="4150" WIDTH="14"/>
							<String ID="P1_ST01134" HPOS="1195" VPOS="4112" WIDTH="120" HEIGHT="36" CONTENT="TIMES," WC="0.99" CC="030007"/>
							<SP ID="P1_SP00930" HPOS="1315" VPOS="4150" WIDTH="14"/>
							<String ID="P1_ST01135" HPOS="1329" VPOS="4120" WIDTH="58" HEIGHT="31" CONTENT="page" WC="0.98" CC="4401"/>
							<SP ID="P1_SP00931" HPOS="1387" VPOS="4151" WIDTH="14"/>
							<String ID="P1_ST01136" HPOS="1401" VPOS="4113" WIDTH="12" HEIGHT="31" CONTENT="5" WC="0.47" CC="5"/>
							<SP ID="P1_SP00932" HPOS="1413" VPOS="4151" WIDTH="42"/>
							<String ID="P1_ST01137" HPOS="1455" VPOS="4108" WIDTH="7" HEIGHT="43" CONTENT="|" WC="1.00" CC="0"/>
							<SP ID="P1_SP00933" HPOS="1462" VPOS="4151" WIDTH="42"/>
							<String ID="P1_ST01138" HPOS="1504" VPOS="4112" WIDTH="150" HEIGHT="36" CONTENT="SPORTS," WC="0.99" CC="0400005"/>
							<SP ID="P1_SP00934" HPOS="1654" VPOS="4151" WIDTH="14"/>
							<String ID="P1_ST01139" HPOS="1668" VPOS="4120" WIDTH="59" HEIGHT="31" CONTENT="page" WC="0.99" CC="0600"/>
							<SP ID="P1_SP00935" HPOS="1727" VPOS="4151" WIDTH="13"/>
							<String ID="P1_ST01140" HPOS="1740" VPOS="4112" WIDTH="12" HEIGHT="32" CONTENT="8" WC="0.85" CC="1"/>
							<SP ID="P1_SP00936" HPOS="1752" VPOS="4151" WIDTH="42"/>
							<String ID="P1_ST01141" HPOS="1794" VPOS="4108" WIDTH="7" HEIGHT="43" CONTENT="|" WC="1.00" CC="0"/>
							<SP ID="P1_SP00937" HPOS="1801" VPOS="4151" WIDTH="43"/>
							<String ID="P1_ST01142" HPOS="1844" VPOS="4112" WIDTH="200" HEIGHT="36" CONTENT="EDITORIAL," WC="1.00" CC="0000000000"/>
							<SP ID="P1_SP00938" HPOS="2044" VPOS="4151" WIDTH="14"/>
							<String ID="P1_ST01143" HPOS="2058" VPOS="4120" WIDTH="58" HEIGHT="31" CONTENT="page" WC="0.98" CC="0305"/>
							<SP ID="P1_SP00939" HPOS="2116" VPOS="4151" WIDTH="13"/>
							<String ID="P1_ST01144" HPOS="2129" VPOS="4113" WIDTH="25" HEIGHT="31" CONTENT="10" WC="0.51" CC="44"/>
							<SP ID="P1_SP00940" HPOS="2154" VPOS="4151" WIDTH="61"/>
							<String ID="P1_ST01145" HPOS="2215" VPOS="4109" WIDTH="7" HEIGHT="42" CONTENT="|" WC="0.71" CC="2"/>
							<SP ID="P1_SP00941" HPOS="2222" VPOS="4151" WIDTH="62"/>
							<String ID="P1_ST01146" HPOS="2284" VPOS="4112" WIDTH="101" HEIGHT="32" CONTENT="NEWS" WC="1.00" CC="0000"/>
							<SP ID="P1_SP00942" HPOS="2385" VPOS="4151" WIDTH="15"/>
							<String ID="P1_ST01147" HPOS="2400" VPOS="4112" WIDTH="91" HEIGHT="32" CONTENT="TIPS:" WC="0.99" CC="00302"/>
							<SP ID="P1_SP00943" HPOS="2491" VPOS="4151" WIDTH="13"/>
							<String ID="P1_ST01148" HPOS="2504" VPOS="4112" WIDTH="43" HEIGHT="32" CONTENT="865" WC="0.61" CC="064"/>
							<SP ID="P1_SP00944" HPOS="2547" VPOS="4151" WIDTH="15"/>
							<String ID="P1_ST01149" HPOS="2562" VPOS="4112" WIDTH="57" HEIGHT="32" CONTENT="3535" WC="0.85" CC="0104"/>
						</TextLine>
					</TextBlock>
				</ComposedBlock>
			</PrintSpace>
		</Page>
	</Layout>
</alto>
