2944 4330
996 169 1517 162 EDITORIAL

236 1059 214 75 GOP
483 1056 273 78 should
790 1083 134 51 not

272 1181 349 78 advocate
653 1212 186 47 same-

309 1341 119 45 sex
460 1313 386 100 marriages

235 971 115 34 Letter
363 971 37 34 to
415 971 59 33 the
490 970 111 34 Editor

276 1458 61 22 Dear
346 1458 86 22 Editor:

275 1535 37 27 (In
321 1542 119 23 response
448 1539 25 19 to
480 1535 39 23 the
528 1535 62 23 Nov.
599 1535 31 23 20
638 1535 125 27 editorial,

233 1574 110 30 Untying
356 1574 40 23 the
409 1574 112 30 political

275 1613 63 23 Alex
357 1612 129 24 Fournet's
504 1613 101 23 column
624 1613 24 23 in
666 1613 40 23 the
724 1613 62 23 Nov.
806 1613 31 23 20
856 1612 67 24 issue

232 1651 29 23 of
279 1652 51 22 The
353 1652 105 22 Maroon
481 1659 88 22 argues
591 1652 50 23 that
663 1652 29 23 he
714 1652 48 23 and
784 1652 91 23 droves
896 1651 28 23 of

232 1691 71 22 other
318 1698 84 22 young
420 1695 83 19 voters
520 1691 84 23 would
619 1690 55 30 join
691 1691 40 23 the
749 1691 73 23 ranks
839 1690 29 23 of
883 1691 40 23 the

232 1729 155 30 Republican
405 1730 70 29 Party
493 1729 21 23 if
529 1730 16 22 it
561 1729 72 30 gives
650 1737 32 23 up
697 1737 32 16 on
746 1729 148 31 supporting
911 1737 12 15 a

231 1768 142 23 traditional
398 1768 135 23 definition
557 1767 30 25 of
608 1768 122 31 marriage
754 1769 47 22 and
826 1769 97 22 instead

231 1807 77 23 backs
321 1814 126 16 same-sex
460 1807 131 30 marriage.

274 1846 46 23 But
336 1853 62 16 even
416 1846 21 23 if
450 1846 40 23 the
506 1846 67 23 GOP
586 1846 76 23 could
678 1846 57 30 gain
752 1853 71 16 some
839 1853 84 23 young

231 1889 83 19 voters
334 1884 48 23 this
404 1892 60 23 way,
485 1885 17 23 it
522 1885 84 23 would
626 1889 54 19 turn
700 1885 41 23 off
759 1892 74 23 many
852 1885 71 23 other

231 1928 91 19 voters.
332 1924 22 22 A
365 1924 115 30 majority
491 1924 29 23 of
527 1924 149 23 Americans
687 1931 97 23 oppose
795 1931 127 16 same-sex

231 1963 129 29 marriage.
372 1964 34 21 As
418 1962 82 31 proof,
512 1963 57 23 look
581 1967 25 19 to
616 1963 142 23 California
768 1963 47 23 and
828 1963 94 24 Maine,

230 2005 51 19 two
304 2001 29 23 of
354 2001 40 23 the
420 2009 66 16 more
512 2001 86 24 liberal
624 2005 84 23 states,
733 2002 81 23 where
839 2005 84 20 voters

232 2040 111 30 recently
355 2040 108 23 blocked
476 2048 13 15 a
502 2048 126 16 same-sex
641 2041 121 29 marriage
775 2041 53 22 bill.

275 2079 51 23 You
341 2083 102 26 suggest
456 2080 51 22 that
519 2079 157 30 Republican
690 2083 68 26 party
773 2079 96 24 leaders
882 2086 40 16 are

233 2118 23 22 in
274 2118 41 23 the
332 2118 117 30 minority
467 2118 108 23 because
592 2118 57 30 they
667 2125 40 16 are
724 2118 122 23 obsessed
864 2118 59 23 with

233 2164 47 22 gay
301 2157 130 29 marriage,
451 2157 111 23 whereas
582 2161 64 19 most
666 2157 155 29 Republican
841 2161 83 19 voters

232 2199 64 19 want
317 2199 25 19 to
362 2195 72 23 focus
453 2202 33 16 on
507 2195 73 23 fiscal
602 2195 89 23 issues.
713 2196 46 22 But
779 2195 40 23 the
839 2199 84 19 recent

229 2233 95 31 special
348 2234 110 23 election
484 2234 24 23 in
532 2234 61 23 New
618 2234 88 23 York's
729 2233 191 31 congressional

229 2272 60 23 23rd
302 2272 97 24 district
413 2273 79 23 belies
505 2273 57 23 this.

284 2312 68 22 GOP
367 2315 70 26 party
455 2311 97 24 leaders
569 2312 77 23 chose
663 2319 13 16 a
694 2311 79 24 social
791 2311 87 24 liberal
896 2315 26 19 to

229 2358 42 15 run
286 2350 98 30 against
398 2351 39 22 the
452 2351 142 23 Democrat.
608 2351 51 23 The
674 2351 59 23 base
747 2350 113 24 revolted
873 2350 48 23 and

229 2389 97 23 instead
338 2389 97 23 backed
447 2390 40 22 the
499 2390 184 23 Conservative
696 2390 71 29 Party
779 2389 142 25 candidate,

229 2429 57 22 who
307 2435 111 22 opposes
439 2435 127 17 same-sex
590 2428 129 29 marriage.
741 2428 52 23 The
815 2435 106 22 pro-gay

229 2467 122 29 marriage
380 2467 133 23 candidate
541 2467 94 23 chosen
664 2468 32 28 by
725 2470 70 26 party
824 2467 98 23 leaders

229 2506 117 23 received
365 2506 59 29 only
443 2506 15 22 6
477 2510 101 25 percent
597 2506 28 23 of
642 2506 40 23 the
702 2506 61 23 final
783 2509 57 20 vote
859 2505 64 24 after

229 2545 125 29 dropping
365 2548 43 20 out
420 2544 29 24 of
459 2545 41 23 the
513 2551 63 17 race.

273 2584 52 22 You
339 2583 55 23 also
408 2590 74 22 argue
497 2584 51 22 that
562 2584 40 22 the
617 2584 67 22 GOP
696 2587 85 19 stance
796 2590 31 16 on
842 2590 64 16 same-

230 2629 43 16 sex
287 2622 120 29 marriage
420 2622 20 23 is
453 2622 166 29 hypocritical
632 2623 108 22 because
752 2622 171 29 Republicans

230 2661 75 23 claim
319 2665 24 19 to
358 2661 72 23 favor
442 2661 102 23 smaller
557 2664 173 26 government.
746 2661 47 23 But
806 2661 117 28 enacting

230 2700 189 28 governmental
440 2700 155 29 protections
615 2699 39 23 for
672 2699 143 23 traditional
836 2699 87 23 values

231 2739 43 22 has
288 2739 63 22 been
365 2745 13 16 a
392 2739 67 22 GOP
471 2742 85 19 tenant
570 2738 70 23 since
654 2742 23 19 at
692 2738 62 23 least
768 2744 27 17 as
808 2738 38 23 far
860 2738 63 23 back

230 2784 26 16 as
275 2778 91 24 Nixon,
383 2778 48 22 and
448 2784 12 16 a
477 2777 148 30 significant
642 2777 99 29 portion
757 2777 30 23 of
801 2777 40 23 the
858 2777 66 23 GOP

231 2816 59 22 base
311 2816 21 22 is
352 2816 139 29 composed
511 2816 30 22 of
558 2816 122 29 religious
702 2819 83 19 voters
806 2816 56 22 who
883 2822 40 16 are

231 2855 137 22 motivated
381 2855 31 29 by
425 2855 78 22 moral
515 2861 131 16 concerns.

272 2893 51 23 The
338 2893 55 23 idea
406 2893 51 23 that
470 2898 165 25 government
648 2893 44 23 has
707 2900 32 16 no
752 2893 117 23 business

230 2932 40 23 the
432 2932 20 23 is
464 2939 14 16 a
490 2932 118 30 specious
620 2936 137 25 argument.
772 2932 62 22 How
847 2932 76 22 about

231 2971 20 22 if
260 2978 28 15 an
300 2971 72 23 uncle
384 2971 42 22 has
438 2971 79 23 incest
527 2971 59 23 with
598 2971 37 22 his
646 2971 72 23 niece
729 2971 23 22 in
762 2978 13 15 a
786 2971 137 22 bedroom?

231 3010 62 22 How
306 3009 75 23 about
394 3009 55 24 kids
461 3010 78 29 doing
552 3009 87 24 heroin
652 3009 24 23 in
689 3017 13 15 a
714 3009 137 23 bedroom?

273 3049 120 29 Anyway,
408 3054 63 17 most
486 3048 171 31 Republicans
670 3056 41 15 are
725 3053 42 18 not
779 3048 143 23 concerned

231 3087 57 23 with
308 3087 63 23 what
390 3094 47 23 gay
455 3088 90 29 people
563 3087 33 23 do
614 3087 24 23 in
657 3088 39 22 the
715 3087 130 26 bedroom;
864 3087 57 29 they

230 3133 40 16 are
296 3126 141 23 concerned
464 3126 73 23 about
565 3126 65 23 what
653 3126 93 30 judges
771 3126 33 22 do
831 3125 23 23 in
881 3126 39 22 the

229 3165 160 23 courthouse.

271 3204 68 29 They
355 3211 40 16 are
410 3204 54 23 also
481 3211 65 23 wary
562 3205 75 22 about
653 3204 40 23 the
709 3204 105 23 broader
828 3203 92 24 effects

229 3242 51 23 that
297 3243 125 29 changing
441 3243 40 23 the
498 3243 135 23 definition
651 3242 29 24 of
696 3242 122 30 marriage
836 3242 83 23 would

229 3281 63 23 have
304 3288 32 16 on
348 3289 45 15 our
404 3282 104 23 culture.
520 3282 49 23 Ten
581 3289 72 23 years
665 3289 48 23 ago
725 3281 91 24 almost
829 3288 32 16 no
872 3288 47 16 one

228 3320 109 30 peddled
351 3320 40 23 the
407 3320 54 23 idea
475 3321 50 22 that
540 3321 40 23 the
594 3324 164 26 government
773 3320 90 23 should
878 3324 42 18 not

229 3359 102 23 involve
344 3359 71 23 itself
426 3359 23 23 in
463 3359 129 30 marriage.

271 3398 70 26 Now,
367 3398 81 30 solely
475 3398 107 23 because
608 3397 28 24 of
659 3398 40 23 the
725 3405 47 22 gay
799 3397 121 29 marriage

228 3441 153 21 movement,
401 3436 40 24 it's
459 3437 105 23 become
583 3444 13 15 a
613 3443 118 16 common
751 3440 102 19 mantra.
874 3436 46 22 But

227 3476 40 23 the
282 3483 88 16 reason
386 3476 56 29 why
456 3479 179 26 governments
650 3475 133 30 recognize
799 3474 120 30 marriage

228 3515 20 22 is
258 3515 118 25 because,
386 3522 26 15 as
421 3522 14 15 a
445 3518 88 19 matter
541 3514 30 23 of
579 3514 84 30 public
674 3514 91 30 policy,
776 3513 142 23 traditional

228 3554 121 29 marriage
366 3554 114 22 between
497 3560 12 16 a
526 3560 56 16 man
599 3553 47 23 and
663 3560 98 16 woman
779 3553 21 23 is
817 3560 58 16 seen
893 3559 26 16 as

227 3592 136 23 beneficial
381 3596 26 19 to
425 3592 96 30 society
539 3600 27 15 as
584 3600 13 15 a
615 3592 81 23 whole
762 3599 27 16 as
807 3591 111 30 creating

227 3631 39 23 the
293 3632 54 22 best
371 3631 176 23 environment
573 3631 39 23 for
636 3631 116 30 bringing
779 3639 32 22 up
836 3631 81 23 future

227 3670 168 30 generations,
409 3674 41 19 not
463 3671 107 23 because
585 3670 39 23 it's
637 3678 30 15 an
680 3670 139 24 individual
833 3670 72 30 right.

270 3709 7 23 I
287 3709 68 23 think
365 3709 39 23 the
415 3709 155 29 Republican
580 3710 71 28 Party
660 3710 83 22 would
753 3710 29 23 be
792 3713 84 21 smart,
884 3716 32 16 on

227 3748 116 29 strategic
359 3749 47 22 and
422 3748 186 29 philosophical
624 3748 119 29 grounds,
758 3752 25 19 to
797 3748 119 23 continue

226 3791 24 19 to
262 3794 97 22 oppose
371 3794 127 16 same-sex
512 3787 129 29 marriage.

268 3865 126 28 Sincerely,

266 3943 82 22 Conor
356 3942 131 23 Dickinson

265 3981 368 29 conordickinson@gmail.com

971 473 156 32 Editorial
1143 473 146 33 Cartoon

2044 1564 77 19 SARAH
2130 1564 103 19 AZPEITIA
2241 1563 9 20 /
2259 1564 39 19 The
2307 1564 79 18 Maroon

972 1779 187 87 SGA
1198 1778 326 88 leaders
1562 1778 210 88 have
1807 1778 220 88 work
2061 1778 92 88 to
2190 1778 103 88 do

968 1896 91 88 to
1096 1894 239 90 fulfill
1372 1894 432 110 campaign
1843 1894 410 110 promises

973 2049 79 44 AT
1081 2049 207 45 ISSUE:
1309 2049 188 45 Limited
1502 2064 181 46 progress
1700 2048 73 46 has
1792 2048 100 46 been
1913 2048 123 46 made
2053 2067 53 27 on
2124 2067 111 27 some
2252 2052 125 46 issues,

1193 2124 77 46 but
1287 2124 124 46 much
1431 2128 31 42 is
1480 2124 166 60 lacking
1662 2128 44 41 in
1728 2138 284 46 transparency
2021 2124 149 60 pledge

1009 2234 44 24 We
1069 2241 44 17 are
1130 2234 121 32 halfway
1268 2234 116 32 through
1401 2235 44 23 the
1461 2238 107 20 current
1585 2234 71 24 SGA

965 2276 250 25 administration's
1233 2276 65 25 time
1318 2276 24 24 in
1361 2275 88 26 office
1517 2284 14 17 a
1550 2275 105 33 perfect

965 2318 65 25 time
1049 2322 28 20 to
1097 2318 64 24 look
1180 2318 69 25 back
1268 2325 34 17 on
1322 2319 197 30 the,semester
1538 2318 50 24 and
1608 2325 46 17 see

965 2360 61 25 how
1047 2360 62 25 well
1130 2368 50 17 our
1200 2360 140 31 president
1360 2360 52 25 and
1433 2360 60 25 vice
1514 2360 140 32 president

965 2402 70 24 have
1050 2401 124 25 fulfilled
1189 2402 70 25 their
1271 2401 146 33 campaign
1433 2401 145 33 promises.

1009 2444 70 24 Both
1095 2444 84 24 Sarah
1193 2444 119 32 Cooper,
1329 2444 153 32 marketing
1494 2444 94 32 junior
1602 2444 52 24 and

966 2486 71 25 SGA
1059 2485 151 32 president,
1234 2486 51 24 and
1310 2485 88 26 Maria
1423 2485 92 29 Rossi,
1539 2485 115 32 English

964 2528 94 31 junior
1076 2528 53 24 and
1149 2528 69 24 SGA
1237 2528 61 24 vice
1318 2528 150 32 president,
1489 2528 77 24 made
1587 2535 51 24 gov-

965 2574 125 20 ernment
1108 2574 195 27 transparency
1322 2570 52 25 and
1392 2570 191 31 accessibility
1602 2570 53 31 key

968 2611 89 25 issues
1077 2611 25 24 in
1121 2611 70 25 their
1208 2611 155 32 respective
1383 2619 62 17 runs
1464 2611 42 25 for
1525 2611 69 25 SGA
1611 2611 29 25 of-

967 2653 64 25 fice.
1045 2653 66 25 This
1124 2654 47 24 has
1185 2653 95 25 turned
1292 2657 48 21 out
1352 2658 27 20 to
1392 2654 31 24 be
1437 2661 14 17 a
1464 2653 86 32 major
1562 2653 77 31 disap-

967 2695 163 32 pointment.

1009 2737 75 32 They
1096 2737 139 31 promised
1248 2737 70 24 their
1328 2737 184 24 constituents
1524 2744 14 17 a

968 2779 72 24 Your
1172 2779 84 24 board
1279 2779 55 24 that
1356 2778 92 25 would
1472 2778 116 32 identify
1611 2778 44 25 the

967 2821 71 24 SGA
1062 2821 136 24 members
1224 2821 51 24 and
1301 2821 114 31 provide
1441 2821 124 24 students
1590 2820 65 24 with

967 2863 70 24 their
1051 2867 111 20 contact
1178 2862 179 25 information
1373 2870 28 17 as
1417 2862 62 25 well
1495 2870 29 17 as
1541 2862 114 31 updates

967 2912 29 17 as
1010 2909 27 20 to
1053 2904 70 25 what
1136 2904 68 25 each
1220 2909 110 20 senator
1344 2904 51 25 and
1409 2904 146 25 executive
1571 2904 84 24 board

967 2947 122 24 member
1102 2954 56 16 was
1173 2947 124 31 working
1312 2954 44 16 on.

1008 2988 66 25 This
1097 2988 85 25 board
1206 2988 47 25 has
1278 2996 84 17 never
1385 2987 199 28 materialized,
1608 2995 31 25 ap-

966 3031 124 32 parently
1110 3031 53 24 due
1182 3035 28 20 to
1229 3038 135 17 concerns
1384 3031 55 24 that
1461 3031 18 24 it
1499 3030 91 25 would
1611 3030 43 27 be,

1136 3073 25 24 in
1179 3081 13 16 a
1210 3072 53 25 low
1280 3072 93 25 traffic
1390 3080 116 17 area...a
1523 3076 84 21 waste
1624 3071 32 26 of

1008 3157 20 24 It
1042 3157 82 24 could
1141 3157 32 24 be
1188 3157 112 31 argued,
1316 3157 138 27 however,
1469 3157 55 24 that
1539 3163 14 17 a
1568 3156 84 24 board

965 3199 26 24 in
1007 3207 13 16 a
1036 3199 53 24 low
1105 3198 93 26 traffic
1214 3206 62 17 area
1292 3198 22 25 is
1330 3198 142 32 infinitely
1488 3198 87 25 better
1589 3198 63 25 than

964 3248 35 17 no
1014 3241 83 24 board
1113 3245 24 20 at
1152 3241 46 24 all.

1006 3282 91 25 While
1116 3283 47 24 she
1184 3282 22 25 is
1224 3282 160 32 personally
1403 3282 147 26 available,
1571 3281 81 26 Rossi

964 3324 60 25 also
1047 3324 141 32 promised
1212 3331 32 17 an
1268 3324 119 32 updated
1411 3324 70 24 SGA
1502 3324 65 24 Web
1590 3324 62 27 site,

964 3366 138 31 complete
1117 3366 64 24 with
1196 3366 43 24 the
1253 3365 120 25 minutes
1387 3365 70 25 from
1472 3365 105 32 weekly
1592 3373 45 17 sen-

964 3412 42 20 ate
1028 3407 146 32 meetings,
1195 3414 29 18 as
1244 3407 127 32 required
1392 3407 34 32 by
1447 3406 70 26 SGA
1536 3406 116 33 bylaws,

964 3450 52 24 and
1094 3449 107 32 weekly
1225 3449 56 32 poll
1305 3456 35 17 on
1364 3449 147 32 important

963 3491 95 26 Check
1076 3491 44 25 the
1139 3491 65 25 Web
1223 3491 61 27 site,
1302 3491 139 27 however,
1460 3490 51 25 and
1530 3498 53 24 you
1601 3498 51 17 can

963 3533 60 25 find
1037 3533 120 25 minutes
1171 3533 71 25 from
1257 3537 94 21 senate
1366 3533 136 32 meetings
1517 3540 28 17 as
1560 3536 92 21 recent

962 3583 29 17 as
1006 3576 94 32 spring
1114 3576 33 25 of
1158 3576 82 24 2006.

1004 3618 181 31 Admittedly,
1207 3617 72 26 SGA
1298 3617 107 26 leaders
1426 3616 126 33 reported
1572 3616 66 25 diffi-

960 3660 101 25 culties
1076 3660 65 25 with
1156 3660 44 25 the
1214 3660 65 24 Web
1293 3660 61 24 site.

1003 3703 146 27 However,
1163 3702 45 25 it's
1222 3702 151 25 doubtable
1387 3702 55 25 that
1456 3701 110 32 posting
1582 3701 51 25 min-

960 3749 60 21 utes
1041 3744 71 26 from
1131 3752 14 18 a
1166 3744 121 32 meeting
1307 3752 83 24 poses
1410 3752 32 17 an
1465 3743 168 26 insurmount-

959 3787 62 25 able
1039 3787 135 25 obstacle.
1194 3787 73 24 Such
1286 3794 32 17 an
1336 3793 103 18 excuse
1458 3793 91 18 seems
1566 3785 83 32 fairly

959 3829 141 32 specious.

1002 3871 79 25 After
1097 3871 47 28 all,
1162 3871 44 25 the
1223 3870 65 25 Web
1305 3870 51 25 site
1374 3878 56 17 was
1448 3870 118 32 updated
1584 3870 65 23 with

959 3914 100 31 photos
1079 3913 32 25 of
1127 3913 36 24 all
1183 3913 137 24 members
1339 3912 33 25 of
1389 3912 81 28 SGA,
1489 3919 29 18 as
1538 3911 61 25 well
1620 3918 29 18 as

959 3955 71 25 their
1041 3959 110 21 contact
1164 3954 191 27 information,
1367 3953 100 26 earlier
1479 3953 54 25 this
1545 3960 87 18 semes-

959 4002 45 20 ter.

1741 2234 37 24 To
1788 2234 106 32 replace
1905 2234 43 24 the
1959 2234 58 24 lack
2027 2234 32 24 of
2067 2241 14 17 a
2090 2234 64 24 Web
2164 2234 60 29 site,
2236 2234 78 24 Rossi
2326 2241 61 25 says

1699 2275 46 25 she
1760 2275 54 25 will
1829 2280 88 21 create
1932 2283 13 17 a
1959 2275 105 33 weekly
2077 2276 162 28 newsletter,
2253 2275 134 33 complete

1699 2317 55 25 will
1768 2318 34 24 all
1816 2318 32 24 of
1858 2318 44 24 the
1916 2325 143 25 necessary
2074 2318 183 24 information.

1742 2360 141 28 However,
1902 2359 43 26 it's
1962 2360 189 31 questionable
2169 2360 54 25 that
2241 2360 42 25 the
2301 2367 69 18 news-

1699 2401 77 25 letter
1790 2401 55 25 will
1862 2401 175 25 materialize.
2054 2401 69 25 SGA
2137 2401 113 26 officers
2265 2409 43 17 are
2324 2409 63 25 very

1699 2444 67 31 busy
1781 2444 107 31 people.
1905 2444 75 27 How,
1996 2443 22 25 if
2030 2444 61 31 they
2106 2444 72 24 can't
2193 2444 58 24 find
2266 2444 42 24 the
2324 2444 63 24 time

1698 2493 30 17 or
1739 2493 92 17 means
1842 2490 26 20 to
1880 2485 96 32 update
1987 2485 44 25 the
2042 2485 63 25 Web
2116 2485 50 25 site
2177 2493 30 17 or
2217 2485 76 25 make
2305 2493 14 17 a
2330 2485 43 25 bul-

1700 2527 63 25 letin
1778 2528 92 27 board,
1883 2527 35 24 do
1931 2528 62 31 they
2005 2531 96 28 expect
2115 2531 27 20 to
2154 2532 88 20 create
2256 2535 13 16 a
2282 2527 105 32 weekly

1700 2568 170 26 newsletter?

1742 2611 20 24 It
1773 2615 71 20 must
1855 2611 32 24 be
1899 2611 222 32 acknowledged,
2133 2611 134 28 however,
2278 2611 55 25 that
2344 2611 42 24 the

1700 2653 69 25 SGA
1781 2653 102 24 leaders
1896 2660 42 18 are
1951 2653 115 31 keeping
2078 2657 26 21 to
2117 2653 69 25 local
2197 2657 129 21 customs.
2339 2653 32 25 Af-

1699 2699 39 20 ter
1754 2694 46 28 all,
1817 2694 112 33 nothing
1948 2694 22 25 is
1987 2702 73 17 more
2079 2694 65 25 New
2161 2694 146 25 Orleanian
2324 2694 61 26 than

1700 2737 87 23 Mardi
1802 2736 77 28 Gras,
1895 2737 117 31 po-boys
2026 2737 50 23 and
2092 2737 149 32 promising
2255 2742 116 27 transpar-

1699 2786 68 24 ency
1782 2778 24 24 in
1820 2782 176 28 government
2009 2778 63 32 only
2086 2782 27 21 to
2126 2778 46 25 fail
2188 2779 24 24 in
2226 2779 127 31 delivery.

1741 2820 42 24 On
1799 2820 42 24 the
1856 2820 76 24 other
1946 2821 79 26 hand,
2040 2828 74 17 some
2131 2821 88 31 things
2235 2821 67 24 have
2316 2828 69 25 gone

1700 2869 62 24 very
1778 2862 70 24 well.
1863 2861 108 32 Cooper
1984 2862 136 31 promised
2134 2867 27 20 to
2175 2863 153 24 streamline
2343 2863 42 24 the

1700 2904 161 24 allocations
1878 2911 120 25 process,
2015 2904 152 32 something
2184 2904 54 25 that
2255 2912 87 17 seems
2359 2909 26 20 to

1700 2946 67 24 have
1781 2946 148 31 improved.

1740 2987 204 33 Organizations
1955 2995 28 17 as
1994 2995 14 17 a
2019 2987 85 26 whole
2116 2996 71 17 seem
2198 2992 27 21 to
2236 2988 31 25 be
2278 2989 108 31 happier

1698 3030 50 24 and
1761 3037 77 25 many
1851 3037 43 17 are
1905 3030 101 31 getting
2019 3037 72 17 more
2103 3037 95 25 money
2211 3030 60 24 than
2284 3030 100 25 before.

1698 3072 119 31 Funding
1832 3071 41 25 for
1886 3072 42 24 the
1943 3072 113 24 Richard
2071 3072 82 24 Frank
2166 3072 91 28 Grant,
2271 3076 53 24 too,
2339 3072 46 25 has

1698 3114 66 25 been
1776 3114 147 32 expanded.

1740 3156 124 32 Progress
1883 3157 45 23 has
1947 3156 57 24 also
2022 3156 65 24 been
2107 3156 75 24 made
2201 3163 34 17 on
2253 3156 42 24 the
2314 3156 71 25 issue

1696 3197 32 26 of
1745 3205 110 25 campus
1875 3198 92 32 safety,
1987 3198 100 32 though
2107 3197 78 25 much
2206 3197 64 26 later
2289 3198 49 24 and
2360 3198 24 25 in

1697 3247 14 17 a
1728 3239 125 25 different
1871 3240 67 24 form
1956 3240 60 24 than
2035 3247 39 17 we
2092 3247 68 17 were
2179 3240 40 24 led
2238 3244 26 20 to
2280 3244 103 28 expect.

1698 3281 127 32 Planning
1844 3282 45 24 has
1907 3281 86 32 begun
2010 3286 27 20 to
2054 3286 68 21 meet
2140 3281 62 26 with
2218 3281 98 26 Tulane
2334 3282 50 25 and

1697 3323 102 32 Loyola
1821 3324 113 31 security
1956 3328 83 19 teams
2061 3328 26 20 to
2108 3323 105 25 discuss
2235 3324 148 32 pedestrian

1697 3365 93 31 safety,
1809 3365 99 31 though
1927 3373 34 17 no
1978 3369 123 21 concrete
2120 3365 94 25 results
2232 3366 66 24 have
2318 3366 65 24 been

1696 3406 143 33 produced.

1739 3448 159 25 Anti-crime
1911 3448 75 32 plans
1999 3456 72 17 seem
2085 3454 26 20 to
2124 3450 67 24 have
2204 3450 65 24 been
2284 3450 85 32 forgot-

1696 3495 43 20 ten
1751 3498 31 17 or
1794 3490 164 25 abandoned.
1972 3490 131 32 Cooper's
2117 3491 134 32 promised

1697 3532 85 32 safety
1949 3533 66 24 have
2028 3538 44 19 not
2083 3533 180 26 materialized
2275 3534 49 25 and
2335 3542 31 17 on-

1695 3581 110 25 campus
1817 3573 82 26 crime
1912 3574 22 25 is
1946 3574 53 25 still
2012 3582 14 17 a
2038 3575 127 31 problem.

1738 3616 77 25 After
1835 3616 107 32 lengthy
1962 3616 162 29 evaluation,
2145 3624 39 18 we
2205 3622 24 20 at
2248 3618 55 25 The
2324 3618 38 25 Ma-

1695 3666 65 17 roon
1775 3658 67 25 have
1858 3666 14 17 a
1887 3666 121 24 message
2023 3658 42 25 for
2079 3659 42 24 the
2137 3659 77 24 SGA:
2230 3660 76 24 don't
2321 3660 60 32 give

1695 3708 41 24 up.
1754 3700 76 26 After
1846 3700 44 28 all,
1908 3700 42 25 the
1968 3700 210 26 administration
2197 3701 21 25 is
2234 3702 63 32 only
2314 3702 54 25 half-

1695 3750 56 25 way
1769 3743 112 32 through
1899 3743 33 24 its
1949 3743 62 24 time
2029 3742 25 24 in
2071 3742 92 25 office.
2180 3743 65 25 That
2263 3743 88 26 leaves
2368 3752 14 17 a

1694 3785 87 25 whole
1794 3788 127 22 semester
1932 3789 26 21 to
1970 3784 72 26 work
2054 3792 33 18 on
2099 3785 76 25 those
2187 3786 129 31 promises
2328 3787 53 23 that

1694 3827 108 25 haven't
1814 3832 43 27 yet
1869 3826 104 33 panned
1985 3831 52 20 out.

1790 3957 56 26 This
1856 3956 112 27 editorial
1979 3956 21 27 is
2011 3957 43 26 the
2065 3957 112 33 majority
2187 3958 97 32 opinion

1797 3998 25 27 of
1833 3999 43 26 the
1886 3998 112 27 editorial
2009 3999 74 26 board
2094 4000 87 26 named
2192 4000 84 26 above.

970 1694 155 36 Editorial

1759 363 44 21 the
1816 356 151 30 Maroon

973 391 123 24 10

2325 394 115 28 FRIDAY,
2454 394 174 25 DECEMBER
2640 394 27 28 11,
2679 393 82 26 2009

265 209 110 42 THE
392 174 501 100 Maroon

299 290 140 25 Established
449 290 50 26 1923
622 296 12 20 a
648 290 102 26 Greater

472 347 122 22 Editorial
608 347 84 22 Board

467 392 78 24 Chris
559 392 136 29 Jenninqs

482 430 198 24 editor-in-chief

288 476 111 23 Masako
412 475 94 24 Hirsch
671 480 99 24 Kaitlin
784 480 74 29 Riley

314 507 72 23 News
399 507 81 23 Editor
681 513 42 23 Art
736 513 111 23 Director

294 538 80 24 Kevin
389 539 112 23 Zansler
670 545 53 22 Elle
737 545 122 28 Maloney

264 569 50 24 Life
326 570 17 23 &
355 570 80 24 Times
448 569 81 25 Editor
677 575 80 24 Photo
770 575 81 24 Editor

289 601 112 24 Melanie
415 601 90 23 Ziems
616 607 154 23 Jean-Paul
784 607 125 28 Arguello

305 633 89 29 Sports
407 633 81 23 Editor
632 639 88 23 Senior
732 638 66 24 Staff
809 639 85 23 Writer

300 665 64 23 Alex
378 665 115 23 Fournet
648 670 77 28 Craiq
739 671 139 22 Malveaux

293 696 113 24 Editorial
419 696 81 23 Editor
632 701 88 24 Senior
732 701 66 24 Staff
809 701 85 24 Writer

281 727 148 29 Angelique
442 728 69 28 Dyer

317 759 68 28 Copy
404 759 70 24 Chief

2438 469 79 21 EDITORIAL
2524 469 55 21 POLICY

2438 536 25 20 The
2470 536 72 21 editorials
2548 541 18 15 on
2573 536 28 20 this
2607 541 36 20 page
2650 537 72 24 represent
2728 536 24 20 the

2438 570 63 25 majority
2507 570 65 25 opinions
2579 569 14 21 ol
2598 570 26 20 The
2632 570 55 20 Maroon
2691 575 7 15 s
2705 570 37 21 edito-

2437 604 25 20 rial
2469 604 42 20 board
2518 604 26 20 and
2551 604 18 20 do
2576 604 23 20 not
2606 604 86 24 necessarily
2699 603 48 21 reflect

2437 638 24 20 the
2468 638 64 24 opinions
2538 637 15 21 ol
2560 638 47 24 toyola
2614 638 80 24 University.

2437 672 55 20 Letters
2499 672 28 20 and
2534 672 66 20 columns
2607 671 51 21 reflect
2665 672 25 19 the

2436 705 68 24 opinions
2510 705 15 20 of
2531 705 26 20 the
2563 705 61 20 authors
2630 705 28 20 and
2665 705 25 20 not

2437 738 90 26 necessarily
2534 738 44 21 those
2584 738 15 21 of
2605 738 28 21 The
2640 739 70 20 Maroon's

2436 772 67 21 editorial
2510 772 50 21 board.

2436 840 27 20 The
2469 840 55 20 Maroon
2531 840 35 20 does
2573 840 23 20 not
2603 840 73 25 represent
2682 840 24 20 the

2436 873 56 25 opinion
2499 873 14 21 of
2519 873 116 22 administration,
2642 873 37 22 staff,
2685 871 49 25 and/or

2436 907 51 25 faculty
2494 908 69 20 members
2570 907 15 20 of
2590 907 52 25 Loyola.

2436 975 52 20 Letters
2495 979 23 15 are
2524 975 55 24 subject
2585 975 15 20 to
2607 974 52 25 editing
2666 974 20 21 for
2694 975 51 24 length,

2436 1013 68 20 grammar
2510 1008 26 21 and
2543 1008 40 25 style.
2590 1007 48 21 Please
2645 1007 34 22 limit

2436 1042 94 20 submissions
2535 1042 15 20 to
2556 1041 29 21 400
2591 1042 48 20 words.
2646 1042 94 20 Submissions

2436 1080 22 16 are
2465 1075 26 21 due
2499 1080 18 16 no
2524 1075 33 21 later
2563 1075 34 21 than
2603 1075 9 20 4
2618 1080 30 20 p.m.
2654 1075 25 21 the
2685 1075 54 25 Sunday

2436 1108 47 22 before
2490 1108 89 26 publication.

2436 1143 50 20 Please
2493 1143 37 20 send
2535 1143 19 20 all
2561 1142 98 21 submissions
2665 1143 16 20 to
2688 1142 26 21 Tlw

2436 1177 61 21 Maroon,
2506 1176 37 20 6363
2550 1176 20 20 St.
2578 1176 59 20 Charles
2643 1177 36 21 Ave..
2689 1176 26 20 Box
2723 1177 22 22 64,

2435 1210 33 20 New
2474 1210 63 22 Orleans,
2546 1210 17 20 LA
2569 1210 42 20 70118

2435 1244 17 19 Or
2458 1243 40 20 write
2505 1248 18 15 us
2529 1243 23 20 via
2557 1243 55 20 e-mail:

2435 1277 140 24 letterPtoyno.edu.

2435 1311 98 19 Submissions
2540 1315 32 20 may
2579 1311 31 19 also
2617 1311 17 19 be
2641 1311 43 19 made

2434 1345 62 24 through
2502 1345 28 19 The
2536 1345 58 19 Maroon
2601 1345 49 19 Online
2657 1345 14 20 at
2679 1350 40 14 www.

2435 1379 150 23 loyolamaroon.com.

2432 1484 328 359 %

2436 1884 124 36 HOWLS
2575 1884 21 36 &

2434 1943 151 35 GROWLS

2434 2029 95 32 HOWL
2542 2029 30 33 to
2585 2029 50 33 the

2432 2082 62 34 free
2507 2082 98 34 coffee
2619 2083 25 32 in
2657 2083 50 33 the

2434 2137 107 41 library.

2432 2246 118 33 GROWL
2563 2246 30 33 to
2606 2246 50 33 the
2669 2246 82 41 great

2433 2301 125 33 Internet
2572 2301 85 33 crash
2670 2300 31 34 of

2431 2356 85 32 2009.

2432 2464 95 33 HOWL
2541 2464 29 33 to
2584 2464 49 33 the

2432 2518 116 33 SAINTS!
2563 2519 64 33 Who
2640 2519 59 33 dat!

2430 2627 119 33 GROWL
2562 2628 29 32 to
2605 2636 107 25 exams.

2431 2737 95 33 HOWL
2540 2737 29 33 to
2583 2737 49 33 the

2431 2791 138 34 Redskins
2584 2791 93 34 kicker

2430 2846 96 33 Shaun
2540 2846 140 34 Suisham.

2429 2955 118 33 GROWL
2560 2955 30 33 to
2602 2955 51 34 the

2430 3009 61 34 lack
2504 3008 30 35 of
2546 3018 70 25 sour

2429 3072 223 33 gummyworms
2667 3064 25 33 in

2428 3118 51 33 the
2491 3118 121 34 C-Store.

2429 3227 95 34 HOWL
2537 3228 30 34 to
2580 3225 27 39 $1
2620 3228 42 34 off

2429 3282 125 34 medium
2568 3283 164 34 smoothies

2429 3336 131 34 between
2574 3337 55 34 3-5.

2426 3445 120 35 GROWL
2557 3446 31 34 to
2601 3455 15 25 a
2629 3447 93 34 whole

2427 3500 146 34 semester
2585 3500 66 35 with
2665 3509 37 26 no

2427 3563 61 25 new
2502 3555 96 34 issues
2611 3555 30 34 of
2652 3555 51 34 the

2427 3610 106 34 Moron.

2426 3720 95 33 HOWL
2535 3720 30 33 to

2426 3774 28 33 at
2469 3774 100 41 Loyno.

2460 3879 92 29 Submit
2564 3886 59 28 your
2635 3880 76 28 howls

2493 3925 48 29 and
2552 3925 88 36 growls
2651 3925 25 29 to

2471 3971 228 35 letter@loyno.edu

455 4098 271 32 commencement
736 4097 35 32 of
777 4096 143 40 anything
933 4096 35 33 of
976 4103 215 32 consequence
1203 4095 29 33 in
1246 4095 58 33 this
1316 4094 134 34 material
1462 4094 92 33 world
1565 4094 62 32 that
1637 4094 169 33 surrounds
1819 4101 38 26 us
1868 4094 26 33 is
1907 4094 89 33 made
2010 4094 66 33 with
2087 4102 18 29 a
2117 4095 110 33 certain
2239 4095 121 34 definite
2372 4096 100 40 object
2482 4096 28 33 in
2525 4096 73 33 view.

516 4147 55 33 The
583 4147 134 37 Maroon,
735 4147 95 32 which
842 4146 106 33 makes
960 4146 38 33 its
1010 4147 268 32 commencement
1288 4145 93 40 today,
1397 4145 58 33 has
1467 4145 47 33 for
1523 4145 38 33 its
1572 4144 72 41 goal
1654 4144 35 33 of
1697 4144 161 34 endeavor:
1867 4144 23 33 A
1904 4144 122 34 Greater
2255 4146 67 34 Nov.
2344 4146 21 38 1,
2386 4146 79 34 1923
