2907 4320
758 3943 44 23 had
812 3943 58 22 been
882 3943 94 30 looking
986 3943 35 23 for
1031 3950 12 16 a
1053 3943 62 30 good

645 3981 68 23 while
730 3988 30 16 on
778 3981 51 23 how
847 3988 35 15 we
899 3981 68 22 could
985 3982 130 29 strengthen

645 4019 89 23 student
768 4019 105 29 advising
907 4019 44 22 and
983 4019 49 23 Ten
1068 4027 47 15 was

645 4058 109 22 involved
787 4058 54 22 with
874 4058 65 22 those
972 4058 143 22 discussions

647 4096 99 23 ...Teri's
771 4096 118 28 departure
915 4096 100 28 requires
1041 4102 26 17 us
1092 4100 23 19 to

645 4134 124 23 accelerate
779 4133 46 23 that
959 4133 72 29 Frady
1041 4134 56 23 said.

1200 3820 72 29 Frady
1342 3820 50 23 also
1462 3820 166 23 characterized

1159 3859 137 22 Berthelot's
1304 3859 119 29 departure
1433 3865 24 16 as

1201 3897 71 29 Frady
1285 3897 40 23 has
1337 3897 122 23 instructed
1471 3897 36 22 the
1519 3897 74 22 chairs
1604 3897 27 22 of

1159 3936 55 22 each
1225 3936 140 28 department
1375 3939 23 19 to
1407 3935 71 23 direct
1488 3935 30 22 all
1529 3935 100 23 students

1159 3973 95 23 without
1283 3973 105 23 declared
1418 3973 83 30 majors
1531 3977 23 19 to
1582 3973 47 22 him

1159 4012 55 22 until
1234 4012 52 29 they
1394 4019 59 22 gone
1472 4011 95 29 through
1586 4011 43 23 this

1202 4088 77 23 Miron
1294 4088 74 23 added
1381 4088 47 23 that
1442 4088 28 23 he
1485 4087 49 23 also
1548 4087 40 23 has
1602 4094 27 16 an

1159 4126 131 29 open-door
1305 4126 77 29 policy
1398 4126 45 22 and
1459 4126 37 22 the
1512 4125 78 23 Office
1606 4124 26 24 of

1673 3820 76 23 Social
1764 3821 108 22 Sciences
1886 3821 46 22 will
1947 3821 107 23 maintain

1672 3863 90 18 contact
1772 3859 55 22 with

1716 3897 108 28 Loyola's
1875 3897 90 23 Human
2016 3898 128 22 Resources

1672 3935 141 29 department
1822 3935 40 22 has
1871 3935 127 23 advertised
2008 3936 136 23 Berthelot's

1673 3972 86 23 former
1765 3972 99 30 position
1871 3973 44 22 and
1922 3973 41 22 has
1970 3973 105 23 received
2081 3974 63 29 quite

1673 4018 13 15 a
1694 4010 46 23 few
1750 4010 134 30 applicants,
1893 4011 124 29 according
2026 4015 24 19 to
2059 4011 84 23 Miron.

1672 4049 49 22 The
1735 4049 28 22 ad
1778 4048 66 23 seeks
1859 4055 110 16 someone
1984 4049 54 22 with
2053 4053 21 19 at
2089 4049 55 23 least

1673 4091 47 19 two
1728 4094 66 22 years
1801 4086 28 23 of
1835 4086 89 30 college
1932 4087 122 23 education
2064 4088 53 22 who
2125 4087 19 23 is

1674 4132 13 15 a
1696 4129 59 19 team
1766 4124 78 30 player
1852 4124 44 23 and
1904 4124 70 30 quick
1984 4125 91 23 learner.

2230 3823 49 22 The
2298 3823 41 28 job
2362 3822 138 29 description
2524 3826 68 19 states
2615 3822 45 22 that

2188 3861 37 22 the
2254 3860 100 29 position
2384 3860 18 22 is
2626 3859 34 23 for

2189 3898 134 29 supporting
2348 3898 36 22 the
2410 3898 97 29 College
2533 3897 27 23 of
2583 3897 77 23 Social

2189 3936 109 22 Sciences
2313 3936 22 22 in
2350 3936 37 22 the
2401 3935 103 29 delivery
2519 3935 27 23 of
2558 3935 102 23 efficient

2189 3974 44 22 and
2253 3973 109 23 effective
2384 3973 87 23 service
2492 3977 24 18 to
2536 3973 29 22 all
2587 3973 27 22 of
2633 3973 27 22 its

2189 4011 109 25 students,
2306 4011 91 29 faculty,
2405 4011 61 25 staff,
2473 4011 187 25 administrators,

2188 4049 44 22 and
2241 4049 143 29 community

2216 4123 108 20 Jean-Paul
2333 4123 98 25 Arguello
2439 4129 37 14 can
2485 4123 25 20 be
2519 4122 85 21 reached
2613 4126 19 17 at

2304 4156 85 26 jarguell
2395 4157 6 19 1
2407 4156 135 26 @loyno.edu

675 149 773 163 PAGE
1522 148 1000 163 THREE

174 245 144 84 NEWS
354 245 216 84 BRIEFS

163 388 48 35 Two
223 396 50 27 new
285 388 49 35 SGA
345 388 115 35 senators
471 388 72 35 voted
556 388 21 35 in

179 468 94 29 During
284 468 137 29 Tuesday's
433 468 97 29 weekly
543 468 64 23 SGA

135 510 84 18 senate
240 505 118 29 meeting,
379 506 142 22 interviews
542 513 63 16 were

135 543 139 23 conducted
295 547 24 19 to
338 543 38 22 fill
395 547 49 19 two
463 544 141 22 vacancies.

135 582 20 21 A
176 581 59 22 total
257 581 30 22 of
306 581 51 23 five
380 581 139 29 applicants
542 589 63 15 were

135 619 131 29 presented
309 619 85 22 before
438 619 39 23 the
521 624 84 18 senate

135 657 129 28 including
294 657 155 29 psychology
479 657 125 22 freshman

134 695 74 23 Jason
217 695 61 28 Clay
288 695 46 22 and
343 695 101 29 biology
455 695 150 29 sophomore

134 733 62 22 John
214 733 158 29 Magallanez
389 733 38 23 for
443 734 40 22 the
499 733 106 28 College

134 770 28 23 of
207 771 157 23 Humanities
410 771 46 22 and
504 770 100 22 Natural

135 808 127 23 Sciences.
306 809 93 28 During
422 815 28 16 an
472 808 133 22 executive

135 846 107 25 session,
257 846 159 29 Magallanez
430 852 50 16 was
494 845 111 23 selected

135 884 29 29 by
178 891 12 15 a
203 884 142 22 two-thirds
358 888 64 18 vote.

177 922 70 22 After
253 922 39 22 the
300 922 105 24 session,
412 928 28 16 an
447 922 158 22 amendment

135 966 49 17 was
201 961 71 22 made
289 960 39 22 for
344 966 28 16 an
390 960 172 28 appointment
578 959 29 22 of

134 1005 12 16 a
163 1001 99 20 senator
278 998 64 22 from
360 1005 12 15 a
389 997 142 23 two-thirds
548 1000 57 19 vote

134 1039 24 19 to
174 1043 13 15 a
203 1035 90 30 simple
311 1035 120 29 majority.
461 1035 144 28 According

134 1077 24 19 to
184 1073 83 26 Rossi,
293 1073 47 22 due
366 1077 24 18 to
416 1073 39 22 the
481 1072 124 30 qualified

134 1111 154 25 candidates,
301 1111 16 22 it
329 1118 50 15 was
391 1110 112 23 difficult
515 1110 39 22 for
565 1110 39 22 the

134 1154 84 17 senate
231 1153 25 18 to
268 1149 71 22 reach
353 1155 13 15 a
378 1148 142 23 two-thirds
533 1152 66 18 vote.

175 1187 51 22 The
245 1187 67 22 three
330 1187 70 22 other
418 1191 112 18 senators
549 1186 56 22 who

134 1225 100 29 applied
249 1225 40 23 for
302 1225 39 23 the
356 1225 106 28 College
477 1224 29 23 of
520 1224 84 23 Social

134 1263 118 23 Sciences
294 1266 51 19 seat
385 1269 64 16 were
489 1262 115 30 political

134 1300 100 23 science
251 1300 126 23 freshman
396 1301 58 22 Max
473 1301 131 24 Bonanno,

134 1338 112 30 political
300 1338 100 23 science
453 1338 151 29 sophomore

134 1376 62 22 Sean
217 1376 71 22 Hood
306 1376 47 22 and
372 1375 112 30 political
504 1376 100 22 science

135 1414 123 22 freshman
287 1413 146 23 Mackenzie
460 1413 142 22 McMillan.

134 1452 35 29 By
188 1459 12 15 a
218 1452 90 28 simple
326 1452 114 28 majority
460 1455 66 22 vote,
545 1452 59 22 Max

135 1491 120 21 Bonanno
272 1496 50 16 was
339 1490 109 22 selected
466 1493 24 19 to
507 1489 38 23 fill
564 1489 40 23 the

134 1531 62 26 post.
212 1528 62 22 Both
289 1531 111 19 senators
414 1527 50 23 will
479 1528 29 22 be
521 1534 82 15 sworn

134 1565 23 23 in
170 1569 23 19 at
205 1566 40 22 the
258 1565 56 22 first
327 1569 84 18 senate
424 1565 108 29 meeting
547 1568 57 19 next

134 1610 62 15 year.

140 1767 130 44 Employees
281 1776 41 26 can
334 1776 48 26 now
392 1767 39 44 get
441 1767 156 35 vaccinations

175 1855 103 22 Student
338 1855 88 22 Health
486 1855 117 21 Services

132 1892 51 23 will
224 1893 29 21 be
292 1891 190 30 administering
523 1892 75 22 HINI

132 1930 67 22 virus
232 1929 173 23 vaccinations
436 1929 39 23 for
507 1929 96 29 Loyola

132 1968 145 29 employees
292 1967 23 22 in
329 1968 39 21 the
381 1967 128 22 basement
523 1967 29 22 of
563 1967 39 22 the

132 2006 87 21 Danna
243 2005 105 22 Student
370 2005 93 22 Center
486 2005 60 22 Dec.
577 2005 21 22 11

132 2043 64 23 from
210 2043 12 23 3
237 2050 57 22 p.m.
308 2047 24 19 to
344 2043 15 22 4
371 2049 58 22 p.m.

174 2081 152 29 Employees
359 2084 64 19 must
457 2084 99 26 present
591 2088 11 14 a

132 2119 138 28 university
292 2118 186 23 identification
498 2118 59 22 card
578 2121 25 19 to

132 2156 99 23 receive
243 2156 40 22 the
298 2155 110 23 vaccine.

174 2194 118 21 Students
301 2193 77 22 under
386 2193 31 22 24
425 2200 72 21 years
505 2193 42 22 old
556 2199 46 16 can

132 2231 117 22 continue
269 2236 24 17 to
312 2231 98 22 receive
429 2231 40 22 the
488 2231 113 22 vaccine.

132 2270 103 22 Student
248 2269 89 22 Health
350 2268 115 23 Services
476 2275 45 16 can
534 2268 68 22 swab

132 2307 112 23 students
264 2310 24 19 to
307 2307 81 22 detect
408 2306 39 23 the
468 2306 67 22 virus
554 2306 48 22 and

132 2345 126 27 prescribe
271 2351 132 21 necessary
418 2344 174 22 medications.

150 2486 132 43 Composer
293 2486 42 34 will
349 2485 103 44 perform
464 2486 25 35 at
502 2486 81 43 Loyola

175 2580 81 22 David
283 2580 87 25 Baker,
396 2586 134 22 composer
556 2580 46 22 and

133 2624 11 16 a
166 2618 116 22 National
304 2618 163 22 Endowment
488 2617 39 23 for
546 2618 57 21 Arts

133 2656 132 22 American
282 2656 59 22 Jazz
359 2659 97 21 master,
474 2655 51 22 will
544 2655 59 22 visit

133 2693 95 30 Loyola
249 2697 25 18 to
295 2693 78 23 direct
394 2700 14 15 a
429 2693 173 29 performance

133 2731 30 29 by
219 2731 40 23 the
314 2731 154 22 Thelonious
525 2730 77 22 Monk

133 2769 122 25 Institute,
268 2769 40 22 the
321 2769 60 22 New
393 2768 106 22 Orleans
511 2768 93 23 Center

133 2806 38 23 for
193 2806 116 23 Creative
331 2807 56 21 Arts
409 2806 58 22 Jazz
490 2806 112 27 Quintet,

133 2845 94 28 Loyola
254 2844 82 28 String
361 2845 102 26 Quartet
489 2844 47 22 and
563 2844 39 21 the

133 2879 94 32 Loyola
240 2882 58 23 Jazz
312 2882 75 22 Band.

173 2920 51 22 The
237 2920 68 22 show
319 2919 112 23 includes
443 2919 82 22 works
537 2918 65 22 from

133 2958 37 22 his
190 2964 53 16 new
262 2957 53 25 CD,

132 2995 46 22 and
200 2995 51 22 will
274 2995 55 22 take
351 2994 70 29 place
443 2994 60 22 Dec.
530 2994 27 22 15
579 2998 23 18 at

132 3033 59 22 7:30
202 3039 58 22 p.m.
273 3032 23 23 in
309 3032 105 23 Roussel
426 3032 176 22 Performance

133 3071 55 22 Hall
224 3071 24 22 in
282 3071 40 22 the
356 3069 246 23 Communications/

133 3108 82 23 Music
227 3108 132 29 Complex.

174 3145 147 23 Admission
337 3145 20 22 is
371 3145 51 22 free
437 3144 46 22 and
497 3151 65 22 open
577 3148 25 18 to

132 3184 39 23 the
184 3183 161 28 community.

140 3321 125 37 Winterfest
276 3321 57 37 ends
343 3321 50 36 with
404 3321 66 38 Mass,
481 3320 112 44 pancakes

174 3401 144 24 Winterfest
339 3401 131 23 continues
492 3400 109 28 Sunday,

132 3442 60 22 Dec.
211 3440 27 23 13
253 3444 22 18 at
289 3440 14 22 9
318 3446 57 22 p.m.
391 3439 57 22 with
463 3445 12 16 a
490 3438 111 29 pancake

132 3479 88 25 dinner
253 3478 22 22 in
309 3478 39 22 the
381 3476 106 23 Orleans
521 3476 80 22 Room

132 3517 121 23 followed
265 3517 32 27 by
310 3522 13 16 a
336 3515 77 22 Mass.

174 3554 95 24 Earlier
369 3552 50 23 this
521 3550 80 25 week.

132 3593 94 29 Dining
278 3590 124 26 Services,
454 3588 147 28 University

132 3629 187 31 Programming
363 3627 89 25 Board,
496 3626 105 23 Student

132 3668 96 23 Affairs
249 3667 47 22 and
317 3665 144 28 University
483 3664 118 28 Ministry

132 3705 138 31 sponsored
282 3711 13 16 a
307 3702 141 25 traditional
460 3702 141 23 Christmas

132 3744 63 23 meal
209 3743 23 22 in
245 3743 40 22 the
297 3743 43 22 OR
354 3740 120 24 followed
487 3740 31 28 by
531 3745 70 16 snow

131 3782 120 28 covering
262 3781 41 22 the
314 3779 136 23 horseshoe
462 3778 23 22 in
496 3777 67 22 front
574 3776 29 22 of

132 3820 140 28 Marquette
286 3817 64 23 Hall.

174 3857 118 23 Students
309 3854 116 30 gathered
442 3857 25 19 to
483 3853 118 22 decorate

132 3902 80 23 mugs,
226 3894 72 23 drink
314 3893 41 22 hot
369 3891 141 25 chocolate,
524 3890 77 29 enjoy

131 3933 114 26 cookies,
259 3931 55 24 take
330 3931 107 29 pictures
452 3928 59 23 with
525 3928 76 23 Santa

132 3971 46 23 and
192 3970 73 23 listen
278 3974 25 18 to
315 3968 138 24 Christmas
467 3966 88 23 music.

174 4008 93 29 Dining
297 4006 101 24 Service
428 4004 54 23 also
512 4003 89 23 hosted

132 4054 12 15 a
160 4047 89 22 dinner
266 4045 47 23 and
331 4043 82 24 movie
430 4041 71 30 night
518 4041 24 23 in
560 4041 41 23 the

131 4085 62 23 O.R.
208 4085 81 21 where
303 4082 111 23 students
427 4086 64 16 were
505 4079 96 23 invited

132 4126 24 20 to
168 4123 117 22 decorate
297 4118 164 31 gingerbread
474 4118 101 22 houses.

654 436 427 163 Loyola
1117 434 232 123 will
1394 434 268 122 host
1706 430 503 165 mayoral
2256 429 408 125 debate

768 646 40 30 By
819 645 60 25 MAI
891 644 111 25 BADER

789 684 124 25 Contributing
919 684 63 19 Writer

693 771 53 22 With
754 778 12 14 a
773 770 71 22 debate
852 776 28 15 on
888 770 32 21 the
929 776 50 22 way,
987 770 78 27 Loyola
1073 775 47 22 may

650 809 26 22 be
690 815 40 15 one
742 807 27 23 of
780 808 32 22 the
827 807 40 22 first
882 807 147 29 battlegrounds
1044 806 31 22 for
1088 806 32 22 the

650 846 111 29 upcoming
769 846 52 22 New
827 845 85 22 Orleans
919 845 88 28 mayoral
1014 845 91 22 election.

692 884 43 22 The
770 883 77 29 Loyola
881 883 81 28 Society
997 883 32 22 for
1062 882 58 23 Civic

651 922 143 28 Engagement,
810 928 13 16 a
838 922 77 22 student
930 921 135 28 organization
1081 921 39 21 that

650 961 67 21 works
740 964 21 18 to
784 959 91 23 facilitate
898 959 86 29 political
1007 958 113 23 discussion

650 1005 76 22 among
732 997 102 23 members
839 997 25 22 of
868 997 32 22 the
907 997 77 28 Loyola
989 996 131 29 community,

650 1036 17 22 is
673 1036 94 29 planning
774 1040 20 17 to
800 1035 48 22 hold
854 1042 12 15 a
873 1034 87 29 mayoral
967 1034 72 22 debate
1045 1041 27 15 on
1078 1034 41 22 Jan.

654 1073 28 23 13.

693 1111 51 22 Alex
765 1111 90 23 Foumet,
875 1110 132 22 international
1029 1110 91 22 business

649 1150 40 21 and
704 1149 93 29 religious
811 1148 75 22 studies
897 1148 67 28 junior
978 1148 39 22 and
1031 1148 87 22 editorial

649 1187 64 22 editor
720 1187 32 22 for
759 1187 43 22 The
813 1187 93 23 Maroon,
916 1186 16 22 is
941 1187 33 21 the
982 1186 137 22 conservative

649 1226 55 21 chair
712 1226 31 21 for
752 1225 73 22 LSCE.
837 1225 82 21 Foumet
930 1224 42 22 said
981 1224 26 22 he
1016 1224 40 22 and
1064 1224 56 22 other

1167 642 101 22 members
1278 641 25 23 of
1311 641 32 22 the
1353 648 64 22 group
1427 648 33 15 are
1469 641 76 28 aiming
1555 645 21 17 to
1586 641 50 21 have

1166 686 25 15 an
1203 686 53 22 open
1268 679 94 29 dialogue
1374 679 92 22 between
1478 679 32 22 the
1522 679 114 22 candidates

1166 718 39 22 and
1212 718 33 22 the
1252 718 53 22 New
1311 717 86 23 Orleans
1403 717 130 28 community.
1540 717 48 21 This
1596 716 39 22 will

1166 756 43 22 also
1214 756 47 28 give
1267 756 88 22 students
1361 756 33 21 the
1399 755 127 29 opportunity
1532 758 22 18 to
1558 754 78 22 discuss

1166 794 49 22 their
1220 794 94 28 opinious
1321 793 40 22 and
1368 793 26 22 be
1400 793 45 22 able
1452 796 21 18 to
1480 793 47 21 hear
1534 792 102 22 first-hand

1166 832 53 21 what
1226 831 32 22 the
1264 831 114 22 candidates
1385 831 52 21 have
1443 834 22 18 to
1470 830 52 22 offer
1527 834 21 18 to
1554 830 33 22 the
1593 830 43 28 city,

1167 870 83 21 Foumet
1257 869 48 22 said.

1262 911 53 18 want
1320 911 21 17 to
1346 907 58 21 show
1409 906 33 22 the
1447 911 37 17 rest
1488 905 26 23 of
1515 906 33 21 the
1553 911 81 22 country

1166 944 62 23 we're
1237 944 88 22 students
1335 944 48 22 who
1393 951 32 15 are
1434 944 68 28 taking
1511 944 64 22 active
1585 944 51 22 roles

1166 983 19 22 in
1191 989 38 16 our
1297 983 85 22 Foumet
1388 982 48 23 said.

1208 1021 84 22 Fournet
1304 1021 43 22 said
1359 1021 39 21 that
1410 1020 38 22 this
1460 1020 17 22 Ls
1488 1027 12 15 a
1512 1027 44 15 race
1568 1020 39 21 that
1620 1019 16 22 Ls

1165 1059 79 29 already
1256 1059 74 29 getting
1342 1065 12 15 a
1366 1058 27 22 lot
1404 1058 25 22 of
1439 1058 85 22 national
1537 1057 98 24 attention,

1166 1097 101 28 including
1281 1104 24 14 an
1321 1096 65 23 article
1401 1097 53 21 from
1468 1096 33 22 the
1515 1096 53 22 New
1582 1095 52 22 York

1164 1135 73 22 Times.
1252 1135 42 24 Yet,
1309 1135 25 21 he
1348 1134 130 29 emphasized
1493 1133 33 22 the
1541 1133 40 22 role
1596 1133 38 22 that

1165 1173 87 21 students
1259 1179 53 15 were
1319 1172 81 29 playing
1408 1172 19 22 in
1434 1171 77 29 staging
1518 1171 32 22 the
1556 1171 75 22 debate.

1298 1209 129 29 importantly,
1445 1209 37 22 this
1501 1209 16 22 is
1535 1216 12 15 a
1564 1209 70 22 debate

1681 640 83 22 devised
1773 640 27 28 by
1809 640 93 23 students,
1911 639 107 29 organized
2027 639 27 29 by
2063 639 87 22 students

1681 679 39 21 and
1727 684 36 16 run
1769 678 28 29 by
1916 678 84 21 Foumet
2007 677 47 22 said.

1722 716 44 22 The
1776 719 60 19 event
1848 715 16 23 is
1875 715 43 22 also
1929 715 61 29 being
2001 715 111 29 sponsored
2123 715 27 28 by

1681 761 12 15 a
1708 754 85 22 number
1807 753 25 22 of
1843 753 56 22 other
1913 753 77 22 student
2005 752 145 29 organizations

1681 796 18 18 at
1711 791 83 29 Loyola,
1806 791 100 29 including
1918 791 83 22 Student
2011 791 139 21 Government

1681 829 134 24 Association,
1854 829 61 22 Black
1954 828 82 22 Student
2076 828 74 24 Union,

1681 867 113 28 University
1802 867 80 22 Honors
1887 867 126 22 Association
2020 867 39 21 and
2065 866 85 28 College

1681 905 139 28 Republicans.
1827 905 69 22 LSCE
1901 911 42 15 saw
1947 905 33 21 the
1985 904 88 29 mayoral
2077 904 73 22 debate

1680 949 23 16 as
1709 949 12 16 a
1727 949 46 23 way
1780 947 21 18 to
1808 943 55 28 bring
1870 942 77 30 politics
1954 946 21 18 to
1982 942 81 29 Loyola.

1722 981 46 22 "It's
1772 988 13 15 a
1790 987 46 22 way
1842 980 32 23 for
1878 980 32 22 the
1915 980 127 28 community
2048 984 21 18 to
2074 980 26 22 be
2106 979 44 22 able

1680 1023 21 18 to
1708 1019 47 22 hear
1762 1019 52 21 what
1821 1019 32 21 the
1860 1018 114 22 candidates
1982 1018 51 22 have
2040 1021 21 18 to
2067 1024 36 22 say
2111 1017 39 22 and

1680 1061 21 18 to
1706 1057 47 29 give
1760 1056 71 29 people
1837 1063 26 15 an
1871 1056 43 22 idea
1919 1056 26 22 of
1949 1056 48 21 who
2004 1056 16 21 is
2026 1056 85 28 running
2117 1055 33 22 the

1742 1095 84 21 Foumet
1833 1094 47 22 said.

1720 1133 44 21 The
1771 1132 88 29 mayoral
1866 1132 71 22 debate
1944 1132 40 22 will
1991 1132 25 22 be
2023 1132 93 27 focusing
2122 1137 27 16 on

1679 1170 118 29 corruption,
1812 1174 131 24 government
1957 1174 138 24 transparency
2110 1169 39 22 and

1679 1209 32 22 the
1721 1209 40 28 city
1772 1212 136 25 government
1919 1207 121 30 Corruption
2051 1208 36 21 has
2098 1207 51 22 been

2196 646 12 15 a
2219 639 64 28 major
2293 639 53 22 issue
2357 638 18 22 in
2386 638 33 22 the
2429 638 44 29 city,
2484 644 24 16 so
2518 638 13 22 it
2541 637 40 22 will
2593 637 24 22 be
2628 644 38 15 one

2195 677 25 22 of
2227 677 32 22 the
2269 677 55 21 main
2333 676 63 29 topics
2406 676 107 21 addressed
2522 679 18 18 at
2550 675 32 22 the
2590 675 76 22 debate.

2197 715 83 22 Foumet
2287 714 48 22 said.

2238 753 27 21 At
2282 752 33 22 the
2332 752 77 23 debate,
2428 751 77 22 student
2522 750 144 30 organizations

2196 790 40 22 will
2247 790 25 22 be
2281 790 45 22 able
2335 794 22 18 to
2366 789 117 29 pre-submit
2492 794 103 24 questions
2605 792 21 19 to
2634 788 32 22 the

2195 828 119 22 candidates.
2327 827 69 23 LSCE
2407 827 16 22 is
2432 827 136 28 encouraging
2579 827 87 22 students

2195 871 22 17 to
2222 866 45 21 take
2274 870 40 24 part
2322 865 19 22 in
2347 865 33 22 the
2385 869 60 18 event
2451 869 22 18 to
2479 865 25 22 be
2511 865 44 22 able
2562 869 20 18 to
2589 865 77 21 interact

2196 904 47 22 with
2258 904 33 22 the
2304 904 127 28 community
2446 903 39 22 and
2501 903 47 22 hear
2562 903 104 28 important

2196 942 68 22 issues.

2271 979 41 22 will
2319 979 25 22 be
2351 986 40 15 one
2396 978 26 23 of
2425 979 33 22 the
2465 978 42 23 few
2512 978 88 23 chances
2605 981 22 19 to
2633 985 33 15 see

2195 1018 32 22 the
2235 1017 115 22 candidates
2358 1017 39 22 talk
2406 1017 40 22 and
2454 1017 81 22 address
2544 1016 32 22 the

2195 1055 42 22 said
2248 1055 61 22 Sarah
2321 1055 49 22 Beth
2382 1055 77 28 Ryther.
2469 1054 73 29 history
2551 1054 66 28 junior
2626 1054 40 21 and

2195 1094 32 21 the
2233 1093 55 22 chair
2293 1092 26 23 of
2323 1093 134 28 non-partisan
2464 1092 66 22 affairs
2538 1092 31 22 for
2575 1092 74 22 LSCE.

2293 1167 38 20 Mai
2340 1167 57 19 Bader
2402 1172 33 14 can
2441 1166 23 20 be
2471 1166 74 20 reached
2551 1169 17 17 at

2330 1204 200 19 mibatler@loyno.edu

818 1362 424 172 Santa
1243 1362 1 172 Babies

1717 2651 67 19 Caitlin
1794 2651 84 18 Sullivan
1886 2650 8 22 /
1904 2651 99 19 Assistant
2012 2651 62 23 photo
2082 2651 63 18 editor

648 2700 131 26 Children
791 2700 68 25 take
871 2699 75 25 their
959 2699 111 31 picture
1083 2698 66 25 with
1163 2698 89 25 Santa
1265 2698 29 25 at
1308 2704 15 19 a
1337 2697 116 32 Singing
1467 2696 65 26 with
1546 2696 89 26 Santa
1648 2696 86 26 event
1749 2696 158 31 presented
1922 2696 35 32 by
1969 2696 51 26 the
2033 2696 104 26 alumni

648 2741 180 26 association
841 2747 36 20 on
891 2741 122 31 Sunday,
1027 2741 57 25 Dec
1098 2740 19 26 6
1130 2740 25 26 in
1168 2740 51 26 the
1232 2740 40 26 St.
1285 2740 119 26 Charles
1419 2740 98 25 Room.

646 2876 376 97 Whelan
1052 2879 323 93 Center
1401 2874 210 98 adds
1636 2873 332 98 waitlist
1995 2873 128 98 fee

740 3041 44 31 By
802 3040 151 26 MONICA
971 3040 48 26 VO

756 3079 158 24 Contributing
926 3079 79 20 Writer

688 3152 119 30 Loyola's
847 3152 48 29 day
934 3159 56 15 care
1030 3155 86 19 center

646 3190 111 29 recently
793 3189 178 30 implemented
1006 3196 13 15 a
1055 3196 45 15 non-

646 3228 147 23 refundable
818 3226 47 25 $25
889 3226 40 23 fee
953 3226 40 23 for
1016 3231 99 25 parents

646 3270 24 18 to
685 3270 42 25 put
741 3265 65 22 their
819 3264 69 23 child
903 3271 31 16 on
950 3265 39 22 the
1005 3264 110 23 center's

646 3303 102 29 waiting
762 3303 49 22 list.

688 3341 88 28 Robyn
809 3341 94 25 Oubre,
936 3341 41 22 the
1010 3340 105 23 Whelan

645 3378 145 24 Children's
814 3378 116 23 Center's
955 3378 111 23 director
1088 3378 29 23 of

646 3415 210 26 administration,
884 3415 99 23 offered
1012 3423 103 23 reaspns

645 3458 25 18 to
683 3458 102 25 support
798 3453 41 23 the
852 3453 48 23 fee.

736 3491 84 22 would
834 3491 75 22 allow
924 3498 28 15 us
967 3496 25 17 to
1006 3498 43 16 use
1065 3491 51 22 less

645 3529 75 23 hours
746 3533 25 19 to
798 3529 119 23 maintain
945 3529 39 23 the
1012 3529 103 29 waiting

1239 3038 84 23 Oubre
1336 3038 62 22 said.

1200 3076 51 22 The
1286 3075 109 23 center's
1430 3075 62 23 staff
1524 3075 105 29 updates

1159 3113 39 23 the
1216 3113 55 23 lists
1288 3113 113 29 monthly
1419 3113 22 22 in
1458 3120 58 15 case
1532 3120 13 15 a
1561 3112 67 23 child

1159 3158 88 15 moves
1267 3151 52 22 into
1338 3151 40 22 the
1399 3155 57 18 next
1475 3157 46 22 age
1540 3157 87 22 group.

1158 3189 51 22 The
1226 3188 93 23 child's
1338 3193 55 24 spot
1412 3188 23 23 in
1453 3188 41 23 the
1513 3195 52 16 new
1584 3195 45 22 age

1159 3233 79 22 group
1258 3227 41 22 list
1319 3227 21 22 is
1359 3227 57 22 then
1436 3227 142 28 dependent
1597 3233 32 16 on

1159 3265 72 22 when
1243 3265 41 22 the
1297 3268 100 25 parents
1410 3264 56 23 first
1479 3264 109 29 applied.

1200 3303 52 22 The
1273 3302 39 23 fee
1334 3302 83 23 would
1438 3303 71 22 make
1530 3306 99 26 parents

1159 3340 118 23 consider
1330 3340 40 23 the
1424 3344 85 19 center
1562 3347 67 16 more

1159 3378 133 29 seriously,
1305 3378 158 29 minimizing
1475 3378 40 22 the
1528 3378 101 22 waitlist

1159 3420 25 18 to
1204 3416 59 29 only
1284 3416 71 22 those
1376 3416 57 22 who
1452 3416 119 23 consider
1590 3416 39 22 the

1159 3458 85 18 center
1258 3460 26 16 as
1298 3454 65 22 their
1376 3458 43 25 top
1432 3454 100 25 choice,
1546 3453 84 23 Oubre

1159 3492 62 22 said.
1241 3492 51 22 The
1311 3496 86 18 center
1414 3492 64 22 calls
1496 3498 76 22 every
1592 3492 37 22 six

1159 3530 100 22 months
1281 3533 25 19 to
1327 3530 109 22 confirm
1459 3530 40 22 the
1522 3530 108 28 parents'

1673 3037 102 23 interest
1800 3041 26 19 to
1850 3038 94 22 remain
1970 3044 31 16 on
2027 3038 40 22 the
2094 3038 49 22 list.

1673 3075 25 22 In
1723 3075 118 29 previous
1865 3082 81 22 years,
1971 3075 39 23 the
2034 3076 109 22 center's

1673 3112 103 29 waiting
1797 3112 41 23 list
1859 3113 43 22 has
1922 3113 125 29 averaged
2068 3120 31 22 up
2120 3117 23 18 to

1673 3150 49 22 200
1735 3157 93 16 names.

1714 3188 78 29 Tracy
1812 3188 158 26 McLendon,
1989 3195 13 15 a
2021 3187 122 23 financial

1673 3226 40 22 aid
1723 3226 143 25 counselor,
1877 3226 43 22 has
1930 3233 13 15 a
1953 3226 175 22 seven-month-

1673 3264 42 22 old
1728 3264 67 22 child
1810 3264 100 28 already
1924 3264 24 22 in
1961 3264 40 22 the
2013 3268 91 18 center.

1768 3302 72 23 don't
1868 3302 70 22 think
1966 3302 51 22 that
2046 3302 97 29 they're

1673 3340 90 29 asking
1777 3340 40 23 for
1828 3344 43 18 too
1884 3340 82 23 much.
1981 3340 91 29 Maybe
2087 3340 56 29 they

1673 3378 76 22 could
1768 3385 43 16 use
1829 3378 40 23 the
1889 3385 89 22 money
1997 3381 24 19 to
2040 3378 103 29 provide

1674 3423 68 15 more
1769 3416 160 22 educational
1957 3420 56 25 toys
2039 3416 40 22 for
2104 3416 39 22 the

1828 3454 147 22 McLendon
1988 3454 63 22 said.

2229 1365 399 95 Crescent

2195 1490 184 117 City
2411 1490 250 95 Radio

2244 1616 371 94 receives

2257 1743 339 115 funding

2229 1906 41 31 By
2285 1905 162 26 RUSSELL
2463 1904 162 26 SHELTON

2315 1944 142 25 Contributing
2467 1944 71 20 Writer

2234 2013 108 29 Loyola's
2369 2013 110 22 Crescent
2507 2013 53 28 City
2590 2013 72 22 Radio

2190 2052 104 22 survives
2306 2058 30 16 on
2350 2058 12 16 a
2374 2055 155 25 year-to-year
2541 2051 69 25 basis,
2624 2051 37 22 but

2190 2090 56 23 after
2268 2090 64 28 plans
2354 2093 24 19 to
2399 2096 70 22 pump
2491 2088 101 25 $10,000
2615 2088 46 22 into

2190 2128 37 22 the
2255 2127 90 25 station,
2373 2127 82 22 station
2483 2126 115 23 members
2626 2133 35 15 are

2191 2165 125 28 beginning
2326 2168 23 18 to
2359 2164 61 22 think
2432 2168 23 18 to
2465 2164 36 22 the
2511 2164 80 22 future.

2231 2201 66 23 After
2312 2209 11 14 a
2339 2201 100 29 struggle
2455 2206 23 17 to
2494 2201 46 22 find
2556 2201 104 28 funding,

2188 2240 37 22 the
2240 2240 63 22 radio
2318 2240 82 22 station
2417 2246 51 21 may
2484 2245 52 16 now
2552 2239 57 23 have
2625 2239 35 22 the

2189 2277 106 23 financial
2312 2277 99 29 backing
2427 2280 23 20 to
2466 2277 97 22 become
2579 2284 13 15 a
2608 2276 43 23 self-

2189 2315 116 23 sustained
2314 2315 164 29 organization.

2230 2353 110 23 Crescent
2369 2353 53 29 City
2453 2352 74 23 Radio
2557 2352 105 23 received

2189 2399 12 14 a
2235 2390 86 26 $2,000
2355 2390 59 22 from
2450 2390 36 23 the
2521 2390 141 29 department

2189 2428 62 23 chair
2271 2433 96 18 account
2387 2428 28 22 of
2431 2428 58 22 John
2511 2428 93 29 Snyder,
2626 2428 35 22 the

2189 2466 145 23 coordinator
2341 2466 28 22 of
2376 2466 73 22 music
2459 2466 100 28 industry
2568 2466 93 23 studies,

2190 2505 22 22 in
2223 2505 47 22 mid
2280 2505 102 22 October
2391 2505 58 22 after
2459 2504 88 28 Snyder
2556 2504 105 23 received

2190 2543 75 28 phone
2271 2543 43 22 call
2323 2542 58 23 from
2389 2542 89 23 Donald
2486 2542 175 29 Boomgaarten,

2190 2581 57 22 dean
2266 2580 27 22 of
2310 2580 35 23 the
2364 2580 97 29 College
2479 2580 27 22 of
2523 2579 76 23 Music
2618 2580 43 21 and

2190 2618 54 23 Fine
2252 2619 60 24 Arts,
2323 2618 80 29 asking
2412 2618 69 22 about
2490 2618 109 22 Crescent
2609 2617 52 29 City

2190 2656 95 22 Radio's
2295 2655 106 23 financial
2412 2655 114 23 situation.

2277 2693 18 23 is
2309 2700 37 22 my
2360 2693 162 29 department's
2534 2693 126 28 obligation

2190 2736 23 18 to
2229 2732 50 22 take
2294 2738 51 15 care
2361 2731 27 22 of
2400 2731 37 22 the
2574 2731 88 28 Snyder

2190 2770 56 22 said.

2295 2808 58 22 need
2363 2811 23 18 to
2395 2807 128 29 ratchet-up
2533 2807 35 22 the
2579 2806 81 23 station

2190 2849 22 19 to
2232 2845 52 29 give
2305 2845 36 22 the
2361 2845 142 28 community
2524 2852 12 15 a
2556 2844 50 23 face
2627 2844 35 22 for

2356 2883 88 28 Snyder
2453 2882 56 23 said.

2231 2921 109 22 Crescent
2362 2920 52 29 City
2437 2920 74 22 Radio
2533 2920 17 22 is
2571 2927 44 15 one
2636 2919 26 23 of

2188 2959 63 28 eight
2277 2958 141 22 student-run
2444 2958 169 29 organizations
2639 2958 21 22 in

2189 2997 37 21 the
2243 2996 73 22 music
2333 2996 100 28 industry
2450 3002 105 22 program
2572 2996 51 22 here
2640 3000 20 18 at

2189 3035 95 28 Loyola.

2363 3072 53 28 City
2427 3072 73 22 Radio
2510 3072 90 22 teaches
2610 3071 50 22 kids

2189 3110 51 22 how
2256 3113 23 19 to
2294 3116 39 15 run
2349 3116 27 15 an
2391 3109 124 29 enterprise
2530 3117 24 14 as
2570 3109 51 22 well
2636 3116 24 15 as

2189 3148 51 21 how
2251 3151 22 18 to
2284 3147 66 22 make
2475 3147 89 29 Snyder
2573 3147 55 22 said.

2231 3185 59 22 With
2296 3185 37 22 the
2339 3185 114 28 proposed
2460 3184 13 24 $
2479 3185 89 24 10,000,
2575 3184 85 29 faculty

2187 3223 92 22 adviser
2296 3223 41 28 Jay
2356 3223 74 22 Crutti
2451 3223 49 22 said
2521 3223 36 22 the
2578 3223 82 22 station

2188 3260 46 22 will
2255 3261 28 22 be
2303 3260 51 23 able
2374 3264 24 18 to
2418 3261 45 28 buy
2484 3261 68 22 much
2573 3261 87 22 needed

2188 3302 85 25 system
2288 3298 120 29 upgrades,
2422 3299 56 22 such
2492 3305 24 15 as
2530 3302 130 25 computers

2188 3336 53 22 with
2255 3336 93 22 reliable
2361 3336 140 22 automation
2514 3340 106 25 systems,
2632 3343 27 15 an

2189 3374 97 29 updated
2294 3374 43 22 CD
2345 3374 83 29 player,
2436 3374 98 29 updated
2542 3373 118 24 turntable,

2188 3419 25 15 as
2224 3412 52 22 well
2288 3419 24 15 as
2323 3412 153 29 promotional
2487 3416 79 18 events
2578 3411 36 22 for
2624 3411 36 22 the

2189 3450 82 22 station
2281 3455 24 17 to
2314 3457 68 21 grow.

1554 340 44 21 the
1612 334 152 29 Maroon

652 380 116 28 FRIDAY,
782 379 174 26 DECEMBER
969 379 27 28 11,
1008 378 83 25 2009

2558 367 109 24 3

1791 3522 50 24 see
1852 3517 179 33 WHELAN,
2046 3523 73 29 page
2130 3516 17 29 4

2353 3519 51 23 see
2415 3513 131 33 RADIO,
2560 3519 73 29 page
2644 3512 18 29 4

645 3655 444 82 ADVISING:
1131 3660 552 104 Departments
1712 3655 154 83 will
1897 3655 171 83 take
2098 3689 178 49 over
2305 3657 343 109 advising

724 3820 140 29 Continued
873 3820 64 28 from
946 3827 67 27 page
1026 3820 9 28 1
