2863 4330
685 144 1217 163 OPINION

200 531 379 88 Smokers

207 673 362 88 without

219 822 338 108 options

195 973 42 22 It's
250 978 66 24 story
329 973 68 26 time,
409 973 120 22 children.

194 1011 69 22 Once
279 1018 64 22 upon
359 1018 12 15 a
386 1011 68 26 time,
470 1018 12 15 a
498 1011 48 22 few
562 1011 59 28 days

153 1055 55 22 ago,
225 1049 7 22 I
249 1055 49 16 was
314 1049 86 29 sitting
415 1056 31 15 on
463 1049 39 22 the
518 1049 103 28 rocking

152 1085 81 23 chairs
267 1087 97 23 outside
399 1087 29 23 of
460 1087 40 23 the
535 1087 86 22 Danna

153 1123 102 23 Student
266 1125 98 24 Center,
375 1125 92 29 having
479 1132 12 15 a
502 1125 119 29 cigarette

153 1160 62 23 after
240 1162 39 22 the
305 1162 70 29 grind
402 1162 28 23 of
452 1162 96 23 classes
574 1162 47 22 and

153 1198 111 30 thinking
282 1200 54 22 how
353 1204 67 25 great
438 1200 16 23 it
472 1207 50 16 was
539 1204 23 18 to
580 1204 41 18 not

153 1237 61 22 have
231 1242 24 17 to
272 1238 70 22 stand
358 1243 42 17 out
419 1238 22 22 in
458 1238 40 23 the
516 1238 104 29 pouring

152 1274 51 23 rain
215 1279 26 19 to
252 1276 32 22 do
296 1282 35 16 so.

193 1313 59 22 This
268 1313 93 29 feeling
377 1320 50 16 was
442 1314 131 29 amplified
590 1314 30 28 by

152 1350 39 22 the
204 1350 49 23 fact
264 1351 50 22 that
326 1351 16 23 it
354 1358 49 16 was
415 1352 136 29 extremely
562 1352 58 23 cold

152 1392 22 18 at
184 1388 48 22 this
242 1389 78 28 point,
331 1396 27 15 so
368 1389 56 23 cold
435 1390 50 22 that
496 1390 6 22 I
515 1390 46 22 had
571 1394 49 18 two

152 1426 73 22 shirts
242 1427 46 21 and
307 1434 12 15 a
336 1427 83 29 hoody
436 1434 32 15 on
486 1428 76 22 under
580 1435 38 21 my

151 1469 112 23 peacoat,
273 1464 47 22 and
331 1464 6 22 I
350 1471 49 15 was
409 1465 76 29 doing
496 1465 124 23 whatever

152 1502 15 22 it
181 1502 58 22 took
253 1506 24 18 to
292 1509 102 22 manage
409 1509 38 22 my
462 1502 156 23 hand-rolled

150 1540 118 28 cigarette
288 1540 103 23 without
411 1541 90 28 having
521 1545 24 18 to
564 1541 54 22 take

151 1584 39 22 my
203 1578 87 28 gloves
302 1578 46 22 off.

193 1615 149 29 Everything
360 1623 49 15 was
425 1616 81 29 dandy
522 1629 16 3 -
552 1617 66 24 cold,

151 1653 40 22 but
202 1653 81 29 dandy
293 1666 15 3 -
320 1653 59 22 until
392 1660 29 15 an
433 1654 85 22 LUPD
529 1654 90 22 officer

149 1690 110 29 dropped
274 1691 30 28 by
319 1691 45 22 and
380 1691 122 22 informed
518 1699 36 15 me
568 1692 50 22 that

150 1735 118 16 someone
286 1729 55 22 who
357 1729 45 22 had
419 1729 88 28 passed
525 1729 30 29 by
572 1729 46 22 had

149 1766 159 29 complained
322 1767 74 22 about
411 1773 39 22 my
465 1767 114 29 smoking
596 1767 22 22 in

149 1804 40 23 the
205 1811 65 18 area,
287 1804 46 23 and
350 1804 50 23 that
417 1805 7 22 I
441 1805 47 22 had
505 1808 24 20 to
546 1811 72 17 move

149 1846 25 18 to
187 1849 13 15 a
214 1842 145 29 designated
374 1843 115 28 smoking
502 1843 115 22 area...in

149 1880 39 22 the
202 1880 58 22 rain.
275 1880 7 22 I
295 1880 74 22 could
382 1880 62 22 have
456 1880 75 23 cried.

192 1918 61 22 Now
269 1917 21 23 if
302 1917 87 30 you're
405 1917 48 23 like
469 1925 47 19 me,
530 1918 88 29 you're

149 1955 74 23 about
248 1955 38 23 six
311 1955 50 23 feet
386 1955 52 26 tall,
463 1956 61 22 have
551 1956 67 29 long,

148 1994 170 28 dirty-blonde
333 1994 58 24 hair,
406 1994 61 22 wish
481 2000 48 22 you
543 1994 75 22 could

148 2038 67 22 grow
246 2038 13 16 a
288 2031 45 23 full
364 2032 74 22 beard
468 2032 56 24 and,
554 2035 64 19 most

149 2069 165 29 importantly,
336 2076 48 22 you
406 2069 85 23 smoke
512 2069 106 30 copious

148 2110 114 19 amounts
281 2106 30 23 of
329 2107 114 25 tobacco,
464 2107 154 22 somewhere

148 2144 93 22 around
253 2151 12 15 a
278 2144 62 29 pack
353 2151 12 15 a
377 2144 53 29 day.

191 2182 46 22 I'm
249 2188 54 16 sure
315 2189 13 14 a
341 2181 34 23 lot
386 2181 29 22 of
424 2182 70 22 other
506 2182 111 21 smokers

148 2220 61 22 have
223 2220 44 22 felt
281 2226 39 22 my
334 2220 55 28 pain
403 2224 22 18 at
439 2220 73 28 being
526 2220 91 22 herded

148 2257 51 23 into
236 2257 95 23 limited
366 2257 146 29 designated
548 2264 69 17 areas

148 2295 92 22 around
259 2302 112 22 campus,
391 2295 137 29 especially
548 2294 68 23 since

148 2333 48 22 this
213 2333 66 25 cold,
297 2336 46 19 wet
362 2332 107 23 weather
485 2332 43 22 has
545 2339 71 16 come

148 2371 82 22 about.

190 2408 71 23 After
269 2408 72 22 much
350 2408 174 25 deliberation,
532 2408 84 22 coffee

148 2446 45 22 and
211 2446 29 22 of
254 2453 98 18 course,
369 2446 141 29 cigarettes,
529 2446 6 22 I
554 2446 62 22 have

147 2491 70 16 come
237 2491 30 22 up
285 2484 57 22 with
361 2491 12 15 a
391 2484 122 22 smoker's
532 2484 40 22 list
589 2483 29 23 of

148 2522 83 29 policy
250 2522 136 22 initiatives
403 2522 49 22 that
471 2522 7 21 I
496 2521 68 22 think
583 2521 31 22 all

148 2560 94 29 Loyola
259 2560 112 22 smokers
389 2559 50 22 will
458 2566 71 22 agree
547 2559 68 25 with,

147 2598 109 22 whether
278 2598 57 28 they
359 2597 72 22 know
454 2596 57 29 they
535 2596 31 22 do
589 2603 27 15 or

147 2639 50 19 not.

189 2673 70 25 First,
286 2673 6 22 I
319 2673 97 22 believe
441 2672 41 23 it's
507 2672 58 23 time
590 2676 25 18 to

146 2711 120 23 establish
286 2711 114 28 smoking
419 2717 68 15 areas
506 2710 50 22 that
575 2716 39 16 are

146 2749 114 23 covered.
279 2749 51 22 The
347 2748 94 23 closest
459 2747 94 29 Loyola
571 2747 43 22 has

146 2791 24 18 to
188 2787 66 22 offer
272 2787 20 22 is
310 2787 39 21 the
367 2785 140 23 Carrollton
526 2785 87 24 bench,

147 2824 79 23 which
242 2828 53 25 gets
311 2823 128 23 showered
454 2823 104 28 through
574 2823 39 21 the

146 2862 91 29 gaping
257 2861 56 23 hole
332 2861 110 22 between
463 2861 39 22 the
521 2861 92 27 ceiling

146 2900 46 22 and
220 2899 97 29 Buddig
345 2899 20 22 if
391 2899 17 22 it
434 2905 28 16 so
489 2898 71 22 much
588 2905 25 15 as

145 2938 107 22 drizzles
264 2937 105 23 outside.

187 2975 133 29 Secondly,
331 2975 6 22 I
349 2975 68 22 think
427 2974 49 22 that
486 2973 78 23 either
574 2973 38 23 the

145 3014 103 28 rocking
259 3013 67 22 chair
336 3019 55 16 area
402 3011 89 23 should
502 3011 29 22 be
543 3011 69 22 made

145 3059 12 15 a
170 3051 145 29 designated
329 3049 114 29 smoking
456 3056 56 15 area
524 3055 27 16 or
562 3049 50 21 that

145 3089 39 23 the
201 3089 81 22 chairs
300 3088 88 22 should
406 3087 29 22 be
452 3087 89 22 moved
559 3091 24 18 to
601 3093 12 16 a

145 3127 70 29 place
233 3127 49 22 that
301 3126 111 22 smokers
429 3131 44 17 can
491 3131 120 16 convene.

144 3165 67 28 They
231 3171 39 15 are
290 3164 36 22 far
345 3168 41 18 too
404 3162 164 24 comfortable
588 3166 24 18 to

145 3207 41 18 not
198 3203 29 22 be
241 3202 101 23 smoked
357 3202 30 22 in.

187 3240 102 29 Finally,
303 3240 7 22 I
324 3247 38 15 am
376 3239 22 22 in
413 3238 45 23 full
471 3242 141 25 agreement

145 3279 57 22 with
212 3285 39 22 my
260 3278 129 22 suitemate
399 3276 130 28 Wolfgang
539 3275 72 22 Klein

145 3316 22 22 in
181 3316 37 22 his
231 3315 144 29 suggestion
389 3314 50 22 that
451 3313 32 22 all
496 3313 115 28 smoking

143 3361 69 15 areas
231 3353 89 22 should
339 3352 53 22 also
412 3352 29 22 be
460 3351 97 23 labeled
576 3357 35 18 as,

210 3390 189 28 Non-Smoking

186 3429 54 22 Few
280 3429 82 28 things
401 3434 39 15 are
479 3426 67 29 quite
585 3433 26 15 as

143 3467 140 29 dismaying
297 3473 25 15 as
335 3465 100 28 coming
447 3464 73 22 down
535 3468 23 18 to
571 3464 40 22 the

143 3506 58 28 only
391 3502 114 28 smoking
532 3501 78 22 bench

143 3543 73 22 while
241 3542 39 23 it's
303 3540 110 29 freezing
436 3540 46 22 and
506 3539 104 28 raining,

143 3581 57 29 only
209 3584 24 19 to
242 3580 51 22 find
302 3579 48 22 that
359 3585 12 15 a
379 3584 77 22 group
463 3577 29 23 of
497 3577 113 29 giggling

143 3618 105 29 sorority
273 3617 60 29 girls
359 3617 42 22 has
426 3614 184 24 overwhelmed

142 3656 39 22 the
193 3656 58 28 only
263 3656 69 28 place
344 3661 12 16 a
367 3653 99 23 smoker
475 3659 45 16 can
532 3652 54 22 take
598 3659 12 15 a

143 3694 55 22 load
211 3694 40 22 off
260 3691 166 29 comfortably
439 3694 22 18 at
474 3690 40 22 all.

185 3732 93 24 Please,
294 3729 103 30 Loyola,
411 3727 116 24 consider
541 3727 68 23 these

142 3769 178 30 propositions,
335 3767 45 22 and
394 3766 70 22 don't
479 3765 88 29 punish
582 3772 27 15 us

142 3807 111 22 smokers
264 3813 28 15 so
302 3805 100 28 terribly
413 3805 106 21 because
529 3802 29 23 of
566 3809 44 16 our

142 3844 64 27 vice;
222 3843 98 23 there'll
338 3843 29 22 be
383 3842 58 22 time
457 3840 98 29 enough
572 3840 39 22 for

141 3888 187 22 consequences
342 3880 69 22 when
424 3879 75 22 we're
513 3877 57 30 fifty
583 3884 27 16 or

141 3926 36 17 so.

212 3992 91 21 Richard
312 3991 79 21 Carlile
402 3990 17 20 is
429 3996 11 13 a
450 3989 87 26 biology

179 4027 135 26 sophomore.
325 4025 32 20 He
365 4030 40 14 can
415 4024 26 19 be
451 4023 89 20 reached
551 4026 18 16 at

261 4057 226 24 rccarlil@loyno.edu

268 430 97 31 Chad
383 431 127 32 Carlile

268 478 158 32 Undisputed
435 481 75 24 Truth

671 440 306 113 New
1020 430 394 164 policy
1457 479 274 113 may
1772 430 401 125 herald
2222 430 448 164 change

711 639 127 28 Recently,
868 638 40 22 the
938 638 100 22 Vatican
1069 639 70 22 made

667 685 30 15 an
721 679 198 20 announcement
943 676 49 22 that
1016 676 16 22 it
1056 676 82 22 would

667 715 122 22 welcome
833 714 23 22 in
902 713 79 30 larger
1023 714 115 23 numbers

667 752 138 29 Anglicans
819 751 47 23 and
879 751 191 30 Episcopalians
1083 752 55 22 who

667 790 62 22 wish
746 794 25 18 to
784 790 54 28 join
855 790 39 22 the
912 790 93 22 Roman
1022 790 115 22 Catholic

667 828 106 23 Church.

709 866 116 23 Cardinal
874 866 108 22 William
1031 866 106 24 Levada,

667 904 39 22 the
725 903 62 23 head
805 903 29 22 of
850 903 39 23 the
907 904 186 29 Congregation
1111 903 28 23 of

667 942 39 22 the
727 941 117 22 Doctrine
864 941 29 22 of
910 941 39 22 the
970 941 77 26 Faith,
1067 941 70 22 made

666 979 40 22 the
749 983 207 22 announcement,
999 978 46 23 and
1088 985 50 16 was

666 1017 179 29 accompanied
865 1017 29 29 by
913 1024 13 14 a
943 1016 194 29 representative

666 1055 29 22 of
707 1055 40 22 the
761 1055 159 28 Archbishop
935 1055 29 22 of
976 1055 161 28 Canterbury,

667 1094 92 22 Rowan
789 1093 132 25 Williams,
950 1093 62 22 head
1042 1092 28 23 of
1098 1093 39 22 the

666 1131 145 23 worldwide
822 1131 123 29 Anglican
958 1130 176 23 Communion.

735 1170 21 21 A
788 1168 66 23 brief
884 1168 104 29 history:
1021 1168 116 23 Catholic

666 1207 111 29 England
808 1207 102 22 became
940 1206 102 23 divided
1073 1206 63 22 from

665 1245 30 23 its
713 1244 162 23 communion
894 1244 57 22 with
971 1244 39 23 the
1029 1244 65 29 Pope
1113 1244 23 22 in

665 1283 77 22 Rome
770 1283 22 22 in
819 1282 39 23 the
885 1282 123 22 sixteenth
1033 1286 103 25 century

665 1321 69 22 when
748 1320 64 29 King
824 1320 81 29 Henry
917 1320 55 22 VIII
985 1327 50 15 was
1046 1320 89 22 denied

664 1366 29 15 an
712 1359 143 22 annulment
875 1358 63 23 from
958 1358 38 23 his
1015 1358 120 27 marriage

1181 1021 25 18 to
1218 1016 133 23 Catherine
1363 1016 29 23 of
1401 1017 107 28 Aragon.

1225 1055 24 22 In
1261 1055 39 22 the
1317 1055 53 22 17th
1382 1058 109 25 century,
1503 1055 39 22 the
1555 1055 95 22 Puritan

1181 1097 142 19 movement
1336 1093 22 22 in
1371 1093 111 28 England
1496 1093 104 28 brought
1612 1093 38 23 the

1181 1131 123 29 Anglican
1333 1131 98 23 Church
1461 1130 94 23 further
1582 1138 68 22 away

1181 1168 63 23 from
1267 1169 30 22 its
1320 1169 93 22 Roman
1436 1169 115 22 Catholic
1574 1173 76 21 roots,

1181 1207 40 21 but
1237 1214 13 15 a
1266 1207 93 22 revival
1375 1206 29 23 of
1418 1206 192 23 traditionalism
1627 1207 23 22 in

1181 1244 39 22 the
1236 1245 55 21 19th
1302 1248 102 25 century
1417 1245 109 22 restored
1540 1252 71 22 many
1623 1245 27 22 of

1181 1282 30 22 its
1224 1282 97 23 ancient
1333 1282 115 23 Catholic
1462 1282 128 30 practices.

1223 1320 184 26 Nevertheless,
1438 1320 23 22 in
1491 1320 39 22 the
1565 1321 84 25 1890s,

1181 1358 64 27 Pope
1279 1359 50 22 Leo
1362 1359 56 22 XIII
1451 1359 115 22 declared
1599 1359 49 22 that

1697 639 40 22 the
1772 639 123 29 Anglican
1932 643 151 19 sacraments
2120 639 46 22 and

1698 676 143 29 priesthood
1859 684 62 15 were
2020 677 47 22 and

1697 714 97 29 casting
1803 714 90 29 deeper
1902 714 75 23 doubt
1987 722 27 15 as
2024 719 24 18 to
2059 715 109 22 whether

1699 752 76 22 Rome
1788 752 46 22 and
1847 752 152 29 Canterbury
2015 753 81 22 would
2109 759 59 15 ever

1698 790 29 22 be
1740 790 22 22 in
1775 790 160 22 communion
1948 790 80 29 again.

1739 828 50 22 The
1813 828 54 23 idea
1890 829 50 21 that
1962 828 137 28 Anglicans
2121 834 45 16 can

1694 866 54 29 join
1784 866 47 22 and
1867 866 61 22 have

1694 903 87 29 joined
1889 904 40 21 the

1696 941 116 22 Catholic
1830 941 98 22 Church

1697 978 20 23 is
1740 978 103 29 nothing
1866 985 62 20 new;

1698 1016 22 23 in
1761 1016 59 27 fact,
1860 1016 68 23 since

1700 1055 71 25 1980,
1824 1055 103 22 married

1696 1093 232 28 Anglican/

1695 1131 231 29 Episcopalian

1694 1169 83 29 clergy
1790 1169 62 22 have
1865 1169 61 22 been

1694 1207 55 22 able
1765 1211 24 18 to
1805 1207 103 22 become
1925 1207 94 22 Roman
2035 1206 130 23 Catholics

1693 1245 46 22 and
1755 1245 92 22 remain
1863 1245 104 22 married
1982 1244 90 29 priests
2087 1244 22 22 in
2125 1244 39 22 the

1692 1282 116 24 Catholic
1820 1282 107 23 Church.

1734 1320 50 23 The
1829 1320 137 23 difference
2013 1320 57 22 with
2116 1320 48 22 this

1693 1365 51 16 new
1771 1362 168 25 arrangement
1965 1359 21 22 is
2012 1359 48 22 that
2086 1358 78 23 entire

1691 1397 200 28 congregations,
1955 1403 61 16 even
2083 1396 80 23 whole

1691 1435 123 24 dioceses,
1833 1435 74 22 could
1926 1434 165 29 conceivably
2109 1434 53 29 join

1691 1473 39 22 the
1743 1472 114 23 Catholic
1871 1472 97 23 Church
1982 1472 116 29 together.
2112 1472 51 22 The

1692 1510 98 22 Vatican
1805 1510 81 22 would
1899 1513 81 19 create
1993 1510 64 22 what
2071 1510 16 22 it
2101 1509 62 23 calls

1690 1548 161 22 ordinariates
1866 1547 38 23 for
1917 1548 70 22 those
2002 1554 90 22 groups
2108 1547 55 22 who

1691 1585 60 22 wish
1764 1590 24 17 to
1800 1586 103 21 become
1914 1585 123 23 Catholic.

1732 1624 58 22 This
1797 1630 84 16 means
1888 1624 49 22 that
1943 1624 92 22 former
2039 1624 122 27 Anglican

1690 1662 102 28 bishops
1827 1668 44 16 can
1909 1662 102 22 become
2047 1661 115 23 Catholic

1690 1699 102 29 bishops
1803 1699 46 22 and
1861 1699 61 22 have
1932 1699 193 29 congregations
2136 1706 27 15 or

1690 1737 109 29 parishes
1814 1736 123 23 affiliated
1953 1737 56 22 with
2026 1737 73 25 them,
2114 1737 47 22 and

1689 1782 39 15 are
1745 1774 49 23 still
1812 1774 54 23 able
1883 1778 25 19 to
1925 1781 42 16 use
1984 1775 39 21 the
2039 1774 121 29 Anglican

1689 1819 86 22 prayer
1786 1812 78 22 books
1875 1812 46 22 and
1933 1812 108 29 worship
2053 1812 108 22 services

1689 1850 49 22 that
1750 1850 56 29 they
1819 1857 39 15 are
1871 1850 108 22 familiar
1991 1850 65 22 with.
2071 1850 90 22 Priests

1689 1889 55 22 who
1766 1894 62 16 were
1852 1889 102 22 married
1977 1894 26 17 as
2024 1888 136 28 Anglicans

1688 1926 73 22 could
1806 1926 56 22 then
1908 1926 102 22 become
2056 1926 103 22 married

1688 1963 113 23 Catholic
1813 1963 97 29 priests,
1920 1964 46 22 and
1977 1970 69 16 serve
2058 1964 23 22 in
2092 1964 67 22 these

1689 2001 117 29 parishes.

1730 2039 50 22 The
1806 2038 99 23 Vatican
1932 2039 77 22 stated
2037 2039 49 22 that
2111 2039 48 22 this

1689 2081 195 18 announcement
1904 2077 88 22 should
2013 2077 22 22 in
2055 2084 31 15 no
2106 2084 52 21 way

1689 2115 28 22 be
1730 2115 146 28 interpreted
1888 2121 25 16 as
1924 2121 13 16 a
1948 2119 86 18 retreat
2046 2115 62 22 from
2120 2115 38 22 the

1689 2152 109 29 ongoing
1806 2152 115 29 dialogue
1930 2152 29 23 of
1965 2153 39 22 the
2013 2153 45 22 last
2065 2153 33 21 40
2106 2153 54 28 plus

1688 2196 70 22 years
1768 2190 109 21 between
1889 2190 38 21 the
1937 2190 114 22 Catholic
2061 2190 97 22 Church

1687 2227 46 21 and
1763 2226 39 22 the
1831 2227 121 28 Anglican
1982 2227 174 22 Communion.

1687 2264 157 29 Archbishop
1889 2264 121 22 Williams
2057 2264 103 23 himself

1687 2302 52 23 said
1755 2303 50 22 that
1822 2302 16 23 it
1855 2308 49 17 was
1918 2303 51 28 just
2131 2309 26 16 as

1975 871 18 27 6
2159 878 57 28 who
2251 885 66 21 were

1953 924 108 28 married
2066 932 31 20 as
2103 924 135 35 Anglicans
2243 925 73 27 could

1952 971 63 28 then
2058 971 106 28 become
2208 970 108 29 married

1952 1016 113 29 Catholic
2113 1016 104 36 priests,
2266 1017 50 28 and

1951 1071 75 21 serve
2037 1064 24 28 in
2071 1064 76 28 these
2158 1063 118 35 parishes
2314 1055 15 12 *

2111 1121 11 6 -
2144 1110 87 34 Buddy
2244 1110 62 28 Noel

2252 638 59 22 This
2336 645 54 15 new
2416 641 169 25 arrangement
2611 638 73 20 could

2209 676 95 28 change
2327 675 39 23 the
2389 675 162 28 relationship
2573 675 111 22 between

2210 714 40 22 the
2267 717 48 19 two
2331 714 121 22 churches
2470 713 23 22 in
2511 719 13 16 a
2541 713 102 22 number
2659 712 26 23 of

2211 758 75 22 ways,
2323 752 121 22 however.
2482 751 46 22 For
2562 750 123 29 example,

2211 789 114 29 bringing
2336 789 39 22 the
2386 789 80 22 riches
2476 788 29 23 of
2513 788 39 23 the
2562 788 122 29 Anglican

2210 827 115 22 tradition
2346 827 56 22 with
2423 826 29 23 its
2469 826 126 22 elaborate
2613 826 71 22 ritual

2340 871 54 22 may
2416 864 54 22 well
2493 870 69 16 serve
2584 868 24 18 to
2629 870 56 23 spur

2341 901 121 29 liturgical
2514 901 95 29 change
2662 902 22 22 in

2340 940 39 22 the
2415 940 115 22 Catholic
2568 946 53 22 way
2658 940 27 22 of

2339 978 151 28 celebrating
2504 978 69 22 Mass
2585 978 46 22 and
2645 978 39 22 the

2340 1016 99 29 Liturgy
2456 1016 29 22 of
2499 1016 39 22 the
2557 1016 79 22 Hours

2339 1055 38 22 the
2387 1054 67 29 daily
2464 1053 71 30 cycle
2545 1053 28 22 of
2581 1053 102 30 praying

2339 1099 25 15 or
2375 1092 117 28 chanting
2505 1092 39 22 the
2557 1091 101 23 Psalms.

2395 1130 51 22 The
2465 1129 117 29 potential
2604 1129 77 23 influx

2339 1167 22 22 in
2381 1167 71 23 much
2473 1167 77 29 larger
2568 1167 114 22 numbers

2209 1205 28 22 of
2248 1205 103 22 married
2364 1205 91 22 former
2465 1205 121 29 Anglican
2598 1205 83 29 clergy

2209 1244 51 22 into
2284 1244 114 22 Catholic
2423 1244 160 22 communion
2607 1244 73 22 could

2209 1281 53 23 also
2278 1288 69 16 serve
2363 1286 26 18 to
2405 1282 69 28 bring
2490 1281 94 29 change
2601 1285 25 19 to
2642 1282 38 22 the

2208 1319 133 30 discipline
2359 1319 30 23 of
2405 1319 100 23 clerical
2525 1319 112 29 celibacy
2658 1319 21 22 in

2208 1358 39 22 the
2260 1358 93 22 Roman
2365 1357 115 23 Catholic
2493 1357 106 22 Church.

2250 1396 75 28 Many
2341 1395 30 22 of
2386 1395 70 22 those
2472 1394 136 29 Anglicans
2626 1395 55 22 who

2206 1440 40 15 are
2267 1433 102 29 seeking
2390 1437 24 18 to
2432 1433 53 28 join
2507 1433 39 22 the
2566 1432 114 23 Catholic

2206 1471 91 22 church
2314 1478 38 15 arc
2368 1471 76 28 doing
2460 1477 27 15 so
2503 1470 105 23 because
2624 1470 55 29 they

2206 1509 113 28 disagree
2335 1509 56 22 with
2406 1509 40 22 the
2459 1509 126 22 decisions
2600 1509 29 22 of
2640 1509 39 22 the

2207 1547 123 28 Anglican
2341 1547 166 22 Communion
2519 1549 26 20 to
2555 1546 74 23 allow
2640 1547 39 22 the

2206 1585 139 22 ordination
2356 1585 29 22 of
2393 1592 95 15 women
2499 1592 25 15 as
2535 1584 88 30 priests
2634 1585 45 21 and

2206 1622 112 29 bishops,
2337 1623 46 21 and
2403 1623 39 22 the
2462 1622 111 23 decision
2594 1622 29 22 of
2640 1622 39 23 the

2207 1660 130 29 Episcopal
2355 1660 98 22 Church
2473 1660 21 22 in
2513 1660 46 22 this
2576 1664 102 25 country

2205 1702 25 18 to
2242 1698 84 22 ordain
2339 1698 91 29 openly
2442 1705 46 22 gay
2501 1698 89 29 clergy.

2248 1735 136 30 Hopefully
2400 1736 68 22 these
2484 1735 194 29 disagreements

2205 1774 50 22 will
2281 1778 40 18 not
2346 1774 68 22 drive
2439 1781 13 15 a
2476 1774 93 22 further
2593 1774 85 28 wedge

2205 1812 110 22 between
2330 1812 128 22 Catholics
2473 1812 46 22 and
2533 1812 145 28 Anglicans,

2204 1850 56 22 who
2286 1850 22 22 in
2335 1857 28 15 an
2391 1849 165 30 increasingly
2582 1850 96 22 secular

2204 1887 77 23 world
2296 1888 68 22 share
2380 1895 12 14 a
2406 1895 116 15 common
2538 1887 101 23 witness
2653 1891 25 19 to

2203 1925 39 22 the
2257 1925 124 23 Christian
2397 1925 125 25 tradition,
2538 1932 25 15 as
2579 1925 55 22 well
2651 1932 26 15 as

2203 1970 57 22 very
2281 1963 94 22 similar
2395 1967 107 25 patterns
2522 1963 29 22 of
2568 1963 109 29 worship

2203 2001 46 21 and
2262 2007 90 22 prayer.

2209 2096 76 26 Buddy
2296 2096 54 20 Noel
2361 2096 17 21 is
2388 2101 12 15 a
2411 2096 100 21 resident
2521 2096 104 26 chaplain
2635 2096 35 21 for

2208 2130 123 20 Carrollton
2343 2130 52 20 Hall.
2406 2130 31 20 He
2447 2134 42 16 can
2500 2130 29 20 be
2539 2130 98 20 reached
2648 2130 22 20 at

2308 2163 265 26 bnoel@hnjchurch.org

2223 2230 33 20 On
2267 2230 44 20 The
2322 2230 86 20 Record
2419 2230 16 21 is
2445 2235 12 16 a
2468 2230 84 25 weekly
2562 2231 91 20 column

2219 2268 60 20 open
2289 2264 24 20 to
2323 2268 42 20 any
2376 2264 81 25 Loyola
2468 2263 83 26 faculty
2562 2269 24 15 or
2596 2264 61 21 staff.

2209 2297 74 21 Those
2293 2297 51 21 who
2353 2302 40 16 are
2403 2297 126 21 interested
2539 2302 41 16 can
2590 2298 76 20 e-mail

2329 2331 219 25 letter@loyno.edu.

1303 923 125 38 Buddy
1446 923 86 31 Noel

1310 972 41 24 On
1361 972 52 24 The
1425 972 98 24 Record

1419 2284 143 19 ASSOCIATED
1571 2284 70 19 PRESS

662 2330 77 31 Pope
753 2329 138 26 Benedict
905 2330 52 25 XVI
971 2329 99 32 greets
1083 2330 112 25 crowds
1209 2329 24 25 in
1246 2330 51 25 the
1310 2329 125 26 Vatican.
1448 2329 57 26 The
1519 2330 77 30 Pope

661 2371 129 31 recently
802 2371 92 26 eased
907 2371 213 31 requirements
1132 2370 44 27 for
1189 2371 136 31 Anglican
1338 2371 147 26 converts.

664 2499 351 91 Orleans
1048 2504 287 86 Room
1365 2499 623 125 overcrowding
2012 2501 168 93 will
2212 2507 406 88 continue

701 2664 6 22 I
728 2664 53 22 have
801 2664 52 22 been
873 2664 86 29 hearing
978 2665 42 21 that
1039 2671 33 15 we
1092 2671 34 15 are

658 2708 49 16 now
727 2702 47 22 able
794 2705 23 19 to
836 2708 37 16 use
893 2709 39 15 our
951 2702 55 22 meal
1027 2701 60 30 plans
1107 2705 20 19 at

659 2739 62 22 Brufif
738 2739 129 25 Commons,
886 2740 79 23 Tulane
987 2739 140 29 University's

657 2777 72 28 dining
739 2777 47 22 hall.
798 2777 6 22 I
814 2784 64 22 guess
887 2778 41 21 that
938 2777 76 22 should
1023 2777 60 23 solve
1092 2778 35 22 the

657 2815 102 28 problem.

700 2853 122 22 Woo-Hoo!
842 2853 57 23 Now
918 2860 33 16 we
969 2860 40 16 can
1028 2860 29 22 go
1075 2860 52 16 over

657 2891 56 22 there
730 2891 41 22 and
789 2891 60 22 show
867 2891 57 22 them
942 2892 50 22 who
1010 2891 17 23 is
1044 2891 56 22 boss.
1118 2892 8 21 I

657 2928 72 22 would
736 2929 118 28 personally
862 2929 42 22 like
910 2932 23 19 to
939 2929 63 22 thank
1009 2929 60 22 those
1077 2929 50 22 who

657 2966 85 28 pointed
750 2970 35 18 out
794 2966 41 22 that
844 2966 40 22 this
892 2966 42 22 will
943 2967 59 21 solve
1011 2967 33 21 the
1052 2966 74 22 O.R.'s

656 3003 161 29 overcrowding
825 3004 102 28 problem.

699 3041 40 22 But
761 3041 56 22 there
839 3041 17 22 is
878 3041 120 29 something
1018 3048 107 22 everyone

657 3079 73 29 forgot.
744 3079 46 22 Our
803 3079 52 22 food
869 3079 17 22 is
900 3080 67 21 better.
982 3079 56 29 Why
1053 3080 72 22 would

655 3116 79 22 Tulane
742 3117 93 22 students
844 3117 73 22 bother
924 3121 21 18 to
953 3117 56 22 walk
1016 3124 53 15 over
1076 3117 49 22 here

656 3154 70 22 unless
734 3161 39 15 our
780 3154 52 22 food
840 3161 44 15 was
893 3155 111 21 somehow
1012 3155 78 22 better?

696 3192 47 22 Our
756 3191 71 29 ability
840 3196 22 18 to
876 3199 29 22 go
917 3199 52 15 over
983 3192 55 22 there
1053 3192 71 22 solves

655 3229 92 29 nothing.
762 3229 120 29 Animosity
890 3229 96 23 between
994 3230 82 28 Loyola
1083 3230 40 22 and

654 3268 79 22 Tulane
748 3268 93 22 students
856 3272 24 11 Ll1
911 3268 64 15 ovicfc
1114 3277 7 6 .

654 3305 53 22 each
732 3305 50 23 time
807 3306 34 21 the

656 3343 51 22 lines
716 3350 34 15 are
760 3343 50 29 long
818 3350 25 15 or

654 3381 34 22 the
703 3380 54 23 O.R.
773 3381 17 22 is
805 3385 36 18 out

653 3418 26 22 of
685 3418 92 23 utensils.

696 3456 66 22 Some
797 3456 43 23 will

654 3494 40 22 still
704 3494 93 22 attribute
806 3494 35 22 the

653 3533 162 27 overcrowding
820 3537 21 18 to

653 3570 35 22 the
704 3570 74 29 higher
791 3571 49 21 than

652 3607 103 29 expected
774 3608 126 22 enrollment
918 3608 26 22 of
961 3608 34 22 the
1016 3607 106 23 freshman

652 3644 62 27 class,
725 3645 36 22 but
772 3645 55 22 from
838 3645 55 22 what
904 3645 7 22 I
922 3645 54 22 have
986 3652 57 17 seen,
1054 3645 40 22 this
1105 3645 17 22 is

653 3687 35 17 not
696 3687 44 17 true
747 3686 23 18 to
778 3682 34 22 the
818 3687 70 17 extent
896 3682 42 22 that
946 3682 76 29 people
1029 3682 70 22 claim.

694 3720 100 24 Granted,
842 3720 107 22 freshman
996 3720 125 22 enrollment

651 3757 89 29 jumped
752 3764 28 22 up
792 3757 64 22 about
872 3757 38 22 110
922 3757 83 29 people;
1019 3757 36 22 but
1067 3758 54 28 keep

653 3795 21 21 in
681 3794 59 22 mind
746 3795 43 22 that
795 3795 34 22 the
836 3794 128 23 admissions
971 3799 56 18 team
1034 3795 87 22 worked

652 3832 33 22 for
691 3832 59 22 these
757 3832 81 25 results,
845 3832 100 29 meaning
952 3833 42 22 that
1002 3832 48 29 they
1058 3833 63 22 knew

652 3870 34 22 the
698 3870 114 29 university
823 3870 64 22 could
899 3870 75 22 handle
987 3870 20 25 it,
1019 3870 102 30 provided

652 3914 28 16 no
693 3908 126 22 unforeseen
831 3912 73 18 events
917 3908 91 29 clogged
1021 3908 100 30 anything

652 3952 35 22 up,
695 3946 48 24 like,
751 3946 84 28 maybe,
843 3946 35 23 the
885 3946 54 23 O.R.

689 3984 57 26 .We
761 3984 54 22 have
830 3984 43 22 809
889 3984 106 23 freshmen
1011 3991 23 16 as
1049 3985 26 23 of
1087 3986 34 22 the

652 4022 94 22 October
754 4025 69 26 report
831 4029 29 15 on
868 4022 133 25 enrollment,
1011 4030 12 15 a
1033 4024 90 22 number

652 4059 61 30 fairly
727 4060 58 22 close
800 4063 22 19 to
836 4060 56 22 what
906 4060 34 23 the
956 4061 166 23 administration

652 4097 38 22 has
697 4097 54 23 been
759 4098 69 29 trying
834 4101 22 19 to
864 4098 93 23 achieve.

693 4135 36 22 On
741 4135 35 22 the
789 4135 60 23 other
860 4136 63 25 hand,
934 4136 81 23 Tulane
1027 4137 95 22 students

1169 3040 91 17 account
1277 3040 33 17 for
1326 3040 65 17 about
1412 3040 61 20 1,000
1489 3040 58 18 extra
1564 3040 76 25 people

1171 3072 19 22 in
1203 3073 35 22 the
1249 3073 55 22 O.R.
1317 3080 13 16 a
1342 3074 67 23 week,
1422 3074 70 22 which
1506 3074 18 22 is
1536 3074 63 22 about
1612 3074 28 22 50

1170 3110 76 29 people
1254 3118 12 15 a
1274 3111 62 23 meal.

1211 3148 53 22 That
1273 3148 18 23 is
1299 3149 46 22 also
1353 3149 109 29 assuming
1470 3150 42 22 that
1520 3150 35 23 the
1564 3151 76 28 people

1168 3192 35 15 are
1213 3186 75 28 spread
1296 3187 85 28 equally
1391 3194 52 15 over
1451 3188 52 22 each
1514 3188 62 24 meal,
1586 3189 36 21 but
1633 3189 6 21 I

1168 3223 59 22 think
1239 3230 34 15 we
1285 3230 40 15 can
1338 3231 62 22 agree
1413 3225 105 22 breakfast
1531 3225 17 22 is
1561 3226 80 22 neither

1168 3261 34 22 the
1209 3265 55 18 most
1271 3262 118 24 important,
1396 3269 38 15 nor
1439 3267 56 17 most
1502 3264 137 27 problematic

1332 3300 54 22 meal
1396 3300 33 22 for
1436 3304 56 18 most
1499 3300 26 22 of
1531 3308 31 15 us.

1374 3337 6 21 I
1394 3337 54 23 have
1461 3338 47 22 also
1520 3339 64 22 heard
1597 3339 43 22 that

1330 3374 75 29 during
1433 3375 35 22 the
1494 3376 67 22 Town
1591 3376 47 23 Hall

1331 3412 99 29 meeting,
1473 3413 34 22 the
1550 3414 88 23 Student

1330 3449 146 23 Government
1502 3451 136 23 Association

1327 3488 94 28 justified
1429 3488 56 22 what
1492 3488 17 22 is
1517 3488 120 30 happening

1330 3525 28 29 by
1382 3525 65 29 citing
1471 3526 42 22 that
1537 3527 58 22 there
1620 3527 18 22 is

1329 3569 26 15 an
1387 3569 54 15 even
1471 3564 111 29 exchange
1613 3565 27 22 of

1167 3600 99 22 students.

1210 3637 6 22 I
1225 3644 63 22 guess
1296 3637 42 22 that
1347 3644 73 15 means
1428 3638 42 21 that
1476 3638 81 22 Tulane
1565 3638 17 22 is
1591 3639 46 22 also

1166 3675 157 22 overcrowded.
1339 3675 81 28 Maybe
1433 3676 49 27 they
1497 3682 34 16 are
1546 3676 90 29 running

1166 3716 36 18 out
1209 3712 27 23 of
1240 3712 59 22 forks
1306 3716 43 19 too.
1359 3713 39 21 But
1406 3713 42 22 that
1455 3717 77 18 cannot
1541 3714 27 22 be
1575 3714 61 28 right,

1165 3756 40 16 can
1213 3749 28 23 it?

1207 3787 45 22 The
1266 3788 83 22 student
1363 3792 140 24 government
1517 3795 49 22 may
1580 3789 55 22 have

1166 3825 104 29 forgotten
1282 3832 41 16 one
1336 3825 70 23 minor
1415 3825 70 23 detail:
1499 3826 82 29 Loyola
1593 3826 18 22 is
1623 3834 13 15 a

1166 3864 85 22 smaller
1259 3864 81 22 school.
1349 3864 51 22 This
1409 3864 77 22 should
1495 3869 36 17 not
1539 3871 64 16 come
1612 3871 24 16 as

1166 3908 12 16 a
1186 3902 90 28 surprise
1283 3906 22 18 to
1312 3908 90 23 anyone.

1208 3940 70 23 When
1298 3940 134 29 considering
1453 3941 121 28 something
1594 3941 42 22 like

1166 3978 47 25 this,
1227 3978 15 23 it
1254 3978 72 23 would
1340 3979 102 28 probably
1455 3978 50 29 help
1517 3983 23 18 to
1553 3979 50 23 look
1616 3983 20 19 at

1166 4020 137 26 percentages
1325 4017 80 22 instead
1425 4016 27 23 of
1470 4017 106 23 numbers.
1597 4018 39 22 We

1166 4054 55 23 have
1233 4054 42 23 less
1287 4055 100 25 students,
1399 4062 32 18 so,
1442 4059 58 19 extra
1511 4055 94 23 students
1616 4059 20 19 at

1166 4092 83 29 Loyola
1255 4099 35 16 are
1295 4093 75 22 harder
1375 4096 23 19 to
1403 4093 77 23 handle
1486 4093 49 23 than
1542 4100 27 16 an
1574 4093 62 30 equal

1166 4130 90 23 number
1262 4130 27 23 of
1293 4134 59 19 extra
1359 4130 94 23 students
1460 4135 21 18 at
1487 4131 85 23 Tulane.

1728 2665 5 22 I
1741 2665 29 22 do
1777 2669 36 19 not
1819 2665 58 23 think
1885 2666 14 22 it
1906 2666 17 22 is
1930 2673 12 15 a
1948 2666 48 29 leap
2002 2666 27 23 of
2032 2666 51 23 faith
2091 2670 22 19 to
2119 2673 37 22 say

1684 2703 42 22 that
1739 2710 38 15 our
1788 2703 53 22 food
1855 2703 16 22 is
1883 2704 66 22 better
1960 2704 89 24 (Tulane
2062 2705 94 22 students

1684 2748 69 21 agree,
1761 2741 42 28 just
1813 2748 29 22 go
1852 2745 22 18 to
1883 2741 35 22 the
1928 2742 114 22 Facebook
2052 2745 70 26 page),
2132 2750 24 15 or

1684 2778 42 22 that
1736 2778 34 22 the
1778 2779 126 22 enrollment
1914 2786 45 15 was
1968 2783 36 19 not
2014 2783 36 19 too
2060 2780 32 22 far
2100 2780 56 22 from

1685 2816 55 22 what
1749 2823 44 15 was
1799 2817 110 28 expected.

1727 2855 55 21 With
1790 2855 42 22 that
1840 2855 64 28 being
1912 2855 52 25 said,
1971 2862 39 15 our
2017 2855 72 29 ability
2098 2860 22 17 to
2126 2863 30 22 go

1684 2896 22 19 to
1715 2892 62 23 Bruff
1782 2893 53 22 does
1844 2897 35 18 not
1888 2897 79 20 matter;
1977 2894 13 22 it
1998 2894 43 22 will
2051 2898 35 18 not
2095 2894 60 22 solve

1684 2938 39 14 our
1730 2930 102 29 problem.
1842 2931 35 21 No
1883 2938 42 15 one
1933 2931 43 22 will
1985 2938 37 15 use
2032 2932 66 22 Bruff.

1727 2968 20 22 If
1755 2968 33 22 the
1800 2968 62 22 Bruff
1870 2972 46 25 gets
1926 2969 66 22 better
2002 2969 51 22 food
2104 2976 25 16 or
2140 2970 16 22 if

1684 3006 34 22 the
1733 3006 52 22 O.R.
1800 3010 46 24 gets
1860 3013 69 16 worse
1943 3006 53 23 food
2053 3007 44 22 that
2111 3008 42 22 will

1684 3043 60 23 solve
1751 3051 40 15 our
1797 3044 102 29 problem.

1727 3081 20 23 If
1773 3081 82 30 Loyola
1884 3087 66 17 wants
1979 3087 22 17 to
2031 3083 60 22 solve
2120 3084 34 22 the

1685 3120 102 29 problem,
1805 3120 48 22 then
1869 3120 79 22 Tulane
1966 3120 93 22 students
2078 3121 75 22 should

1685 3162 35 19 not
1733 3158 25 23 be
1770 3158 91 22 allowed
1872 3162 22 19 to
1906 3165 37 16 use
1955 3159 53 22 their
2019 3159 67 22 meals
2098 3159 55 24 here,

1684 3203 25 14 or
1720 3203 33 14 we
1766 3196 76 21 should
1855 3196 26 21 be
1893 3196 46 21 able
1952 3200 22 17 to
1986 3203 37 14 use
2036 3203 39 14 our
2086 3197 68 20 meals

2210 2667 125 22 somewhere
2343 2667 44 23 else
2396 2667 42 22 that
2445 2667 75 23 makes
2528 2668 58 28 good
2594 2667 58 23 food.

2244 2706 63 28 Right
2315 2712 55 19 now,
2378 2706 18 22 if
2401 2706 7 22 I
2417 2712 35 16 see
2459 2706 57 28 huge
2523 2712 78 23 groups
2608 2706 55 23 doint

2210 2747 55 21 tours,
2274 2744 7 21 I
2291 2750 38 22 say
2337 2748 23 18 to
2368 2744 85 28 myself,
2547 2750 35 16 am
2593 2745 6 21 I
2608 2744 55 28 goinj

2210 2784 13 19 to
2233 2781 30 22 do
2273 2781 64 22 about
2350 2782 62 22 lunch
2424 2782 58 22 since
2494 2782 34 22 the
2540 2782 41 22 line
2592 2782 42 22 will
2647 2782 16 22 be

2210 2819 73 22 backed
2291 2826 29 22 up
2327 2826 55 16 even

2210 2916 63 22 Chris
2284 2917 84 21 Backes
2379 2917 17 21 is
2407 2922 11 16 a
2429 2917 134 26 philosophy
2573 2922 39 21 pre
2625 2918 38 20 law

2226 2950 147 26 sophomore.
2384 2951 30 20 He
2424 2955 42 16 can
2478 2950 27 21 be
2516 2951 98 20 reached
2624 2951 23 21 at

2307 2984 258 26 cabackes@loyno.edu

2229 3052 19 19 In
2260 3052 33 25 My
2304 3051 95 25 Opinion
2410 3052 17 21 is
2437 3057 13 16 a
2460 3052 84 25 weekly
2554 3052 89 21 column

2219 3090 61 20 open
2290 3085 23 21 to
2324 3090 42 21 any
2377 3086 80 25 Loyola
2468 3086 100 21 student.
2578 3086 73 21 Those

2250 3119 50 20 who
2309 3124 39 16 are
2359 3119 125 21 interested
2494 3124 42 16 can
2546 3120 75 20 e-mail

2326 3152 219 25 letter@loyno.edu.

1014 3323 109 35 ability
1150 3324 33 28 to
1211 3330 36 28 go
1275 3324 33 28 to

866 3369 85 29 Bruff
969 3370 76 28 does
1065 3369 53 29 not
1138 3370 126 32 matter;
1285 3369 23 29 it

865 3415 56 29 will
933 3416 53 29 not
999 3416 85 29 solve
1096 3423 53 22 our
1161 3416 147 35 problem.

866 3462 39 28 No
921 3468 58 22 one
996 3462 55 28 will
1069 3469 55 21 use
1142 3462 94 28 Bruff.
1238 3452 18 27 9
1269 3452 17 27 '

1048 3519 11 6 -
1078 3508 74 28 Chris
1164 3508 100 28 Backes

1275 2942 105 32 Chris
1398 2943 138 31 Backes

1302 2991 27 24 In
1341 2991 45 32 My
1397 2991 113 32 Opinion

2344 3982 67 18 KEVIN
2421 3981 157 21 ZANSLER/The
2588 3983 80 18 Maroon

1681 4016 127 26 Tulane's
1822 4016 79 26 Bruff
1914 4016 156 27 Commons
2083 4017 76 27 offer
2171 4024 16 20 a
2201 4020 163 25 somewhat
2377 4020 125 26 dubious
2515 4020 127 26 solution

1681 4058 31 26 to
1723 4057 52 27 the
1788 4058 128 32 problem
1929 4058 31 26 of
1971 4059 215 33 overcrowding
2199 4060 26 26 in
2237 4061 52 26 the
2302 4061 122 27 Orleans
2439 4062 99 26 Room.

1683 4100 142 27 Students
1837 4099 57 28 cite
1907 4107 93 20 worse
2012 4100 69 27 food
2094 4107 33 21 as
2140 4108 57 20 one
2210 4102 30 27 of
2252 4103 38 26 its
2302 4104 77 25 main
2392 4104 157 31 problems.

1570 336 45 21 the
1628 330 153 30 Maroon

670 372 117 28 FRIDAY,
801 370 175 28 DECEMBER
988 370 27 28 11,
1028 369 82 25 2009

2571 365 112 25 11
