2880 4314
766 268 270 99 Campus
1065 268 237 83 Watch:
1333 304 23 47 a
1382 304 230 63 summary
1637 288 48 65 of
1707 288 254 66 violations
1986 287 215 80 reported
2227 285 47 66 at
2298 300 51 49 or
2371 283 172 66 around
2572 283 158 80 Loyola

805 1402 123 23 CAMPUS
933 1403 98 23 CRIME

804 1478 35 22 On
850 1478 51 22 Nov.
913 1478 28 22 30
951 1483 19 17 at
984 1479 57 22 10:17
1052 1485 53 20 am.,
1115 1486 13 15 a
1138 1483 45 25 stop
1193 1479 43 29 sign

762 1523 43 15 was
820 1516 62 22 found
897 1516 19 22 in
930 1523 12 15 a
955 1523 59 15 room
1029 1516 18 22 in
1061 1516 110 22 Carrollton
1185 1517 50 21 Hall.

763 1554 118 22 Residential
894 1554 43 23 Life
948 1554 68 23 turned
1029 1554 12 23 it
1050 1561 51 16 over
1109 1559 21 18 to
1141 1554 32 23 the
1185 1554 52 23 New

762 1592 85 22 Orleans
855 1592 66 22 Police
931 1593 133 28 Department
1072 1593 27 21 At
1108 1592 47 22 2.07
1163 1599 54 22 p.m.,
1224 1599 13 15 a

762 1633 82 25 tampon
851 1630 107 29 dispenser,
964 1630 96 22 renxwed
1067 1631 52 21 from
1126 1630 32 22 the
1165 1631 72 21 Oanna

763 1667 82 22 Student
859 1668 77 24 Center,
950 1674 43 15 was
1008 1668 62 22 found
1086 1667 18 22 in
1119 1675 11 14 a
1145 1675 57 14 room
1217 1668 19 21 in

762 1705 111 22 Carrollton
884 1705 50 22 Hall.
943 1705 116 29 According
1069 1709 21 18 to
1100 1705 68 28 Roger
1178 1705 58 22 Pinac

762 1742 26 22 of
791 1743 32 22 the
828 1743 78 28 Loyola
912 1743 112 28 University
1030 1743 66 22 Police
1102 1743 134 29 Department,

765 1781 11 22 it
785 1787 42 16 was
836 1781 89 28 reported
933 1781 63 22 found
1005 1781 19 22 in
1032 1788 12 15 a
1052 1781 94 22 trashcan.
1153 1781 27 22 At
1188 1781 49 22 4:16

764 1825 53 22 p.m.,
823 1825 13 16 a
842 1819 26 22 hit
874 1819 40 22 and
920 1825 35 16 run
961 1825 27 16 on
994 1819 32 22 the
1033 1819 49 22 third
1089 1819 52 22 tic**
1145 1818 25 23 of
1174 1819 61 22 Frerct

764 1857 61 22 Street
841 1857 79 28 Garage
937 1864 43 15 was
996 1857 95 29 reported,
1108 1856 91 29 resulting
1217 1857 18 21 in

764 1894 66 22 minor
838 1894 98 29 damages
946 1898 21 18 to
977 1901 12 15 a
999 1894 81 22 vehicle.
1091 1894 64 22 There
1165 1901 32 15 are
1208 1901 27 15 no

763 1935 90 26 suspects
858 1939 23 15 or
887 1932 107 22 witnesses.

805 1970 34 21 On
853 1970 48 21 Dec.
914 1969 13 22 2
938 1974 20 17 at
968 1970 48 21 4:17
1028 1976 52 18 am.,
1091 1976 12 15 a
1115 1969 118 22 Residential

763 2007 44 22 Life
813 2014 57 15 mom
876 2007 68 22 search
949 2007 91 22 revealed
1045 2015 12 14 a
1062 2007 57 22 small
1124 2012 83 17 amount
1212 2007 25 22 of

763 2046 107 27 marijuana
876 2046 40 21 and
922 2046 50 27 drug
979 2045 145 28 paraphernalia
1132 2046 19 21 in
1157 2051 12 16 a
1175 2051 59 16 room

1283 1404 18 22 in
1311 1404 72 22 Biever
1390 1404 49 22 Hall.
1449 1404 77 22 NOPD
1533 1404 83 22 arrested
1624 1404 39 22 and
1671 1404 80 22 booked

1281 1448 40 16 one
1328 1442 81 22 student

1323 1479 35 22 On
1373 1479 48 22 Dec.
1435 1479 13 22 3
1462 1483 19 18 at
1493 1479 48 23 9:35
1554 1486 52 18 am.,
1619 1486 25 15 an
1657 1479 61 22 office
1732 1479 19 22 in

1282 1517 92 28 Stallings
1388 1517 44 22 Hall
1445 1524 44 15 was
1502 1517 108 28 reportedly
1623 1517 75 22 broken
1712 1517 40 22 into

1282 1555 81 21 without
1375 1555 144 21 authorization.
1530 1554 43 22 The
1585 1559 68 17 matter
1664 1555 15 21 is
1691 1555 61 21 under

1283 1593 140 27 investigation.
1429 1593 27 21 At
1461 1593 49 21 409
1516 1599 54 22 p.m.,
1577 1593 31 22 (he
1615 1593 46 22 theft
1668 1593 25 22 of
1696 1599 13 16 a
1714 1593 36 22 cell

1282 1631 66 28 phone
1355 1630 51 22 from
1414 1631 64 21 Bobct
1485 1630 43 22 Hall
1535 1637 42 15 was
1584 1631 92 28 reported.
1687 1631 64 22 There

1281 1675 32 15 are
1320 1675 27 15 no
1354 1671 88 26 suspects
1447 1675 25 15 or
1477 1668 106 22 witnesses.

1323 1705 35 22 On
1369 1706 49 21 Dec.
1430 1705 13 23 5
1454 1709 19 18 at
1483 1705 48 22 9:15
1543 1712 53 22 pm,
1607 1712 25 15 an
1644 1705 106 23 individual

1281 1750 42 15 was
1334 1743 88 29 reported
1432 1747 21 18 to
1462 1743 51 22 have
1522 1743 74 22 caused
1606 1750 12 15 a
1627 1743 123 22 disturbance

1282 1780 19 22 in
1314 1780 72 22 Biever
1397 1780 49 22 Hall.
1460 1780 66 22 When
1538 1781 62 21 asked
1612 1786 20 16 to
1645 1780 61 25 leave,
1719 1781 31 22 the

1281 1819 105 22 individual
1409 1819 84 22 refused.
1514 1819 43 22 The
1580 1819 105 22 individual
1708 1819 43 22 also

1279 1857 98 28 appeared
1381 1860 20 18 to
1406 1857 24 21 be
1435 1857 63 21 under
1500 1857 33 21 the
1538 1856 97 23 influence
1638 1856 27 23 of
1665 1856 84 24 alcohol.

1279 1894 74 22 Tlilane
1385 1894 123 29 Eimergency
1540 1894 87 22 Medical
1660 1894 90 23 Services

1278 1932 103 22 evaluated
1391 1932 39 21 and
1440 1932 120 28 transported
1570 1932 32 21 the
1613 1932 106 22 individual
1730 1936 20 18 to

1279 1977 11 14 a
1298 1969 88 29 hospital.
1394 1970 27 21 At
1432 1969 58 22 10:26
1498 1976 53 22 p.m.,
1559 1976 12 15 a
1579 1969 117 22 Residential
1706 1970 43 22 Life

1279 2014 57 15 room
1351 2007 68 22 search
1435 2007 90 22 revealed
1539 2007 50 28 drug
1605 2007 144 29 paraphernalia

1278 2045 39 22 and
1328 2052 11 15 a
1350 2045 74 22 minute
1434 2049 82 18 amount
1526 2045 25 22 of
1560 2045 112 28 marijuana,
1682 2045 66 22 which

1796 1410 42 16 was
1852 1404 103 28 destroyed
1969 1404 19 21 in
2002 1410 11 15 a
2027 1407 40 19 test
2082 1404 34 21 No
2129 1407 67 18 arrests
2210 1410 52 15 were

1796 1442 66 22 made.
1875 1442 44 22 The
1932 1445 70 18 matter
2014 1448 43 15 was
2071 1441 113 22 forwarded
2195 1444 23 19 to
2229 1441 33 22 the

1795 1479 75 22 district
1877 1479 108 29 attorney's
1991 1478 68 23 office.

1837 1517 35 22 On
1881 1517 50 22 Dec.
1941 1517 14 21 6
1963 1521 18 18 at
1989 1516 50 23 4:29
2047 1523 55 22 p.m.,
2111 1523 13 15 a
2132 1516 78 22 vehicle
2219 1523 43 15 was

1795 1554 91 29 reported
1896 1559 21 17 to
1925 1554 52 22 have
1986 1554 79 22 backed
2074 1554 42 22 into
2124 1561 13 15 a
2145 1554 75 28 parked
2229 1560 33 16 car

1795 1599 27 16 on
1831 1593 64 22 North
1904 1593 64 21 Road.
1975 1593 66 22 There
2050 1599 42 15 was
2101 1593 67 21 minor
2174 1592 88 28 damage

1795 1631 40 21 and
1842 1637 28 15 no
1878 1630 85 29 injuries.

1837 1668 34 22 On
1881 1668 49 22 Dec.
1938 1668 13 22 7
1959 1672 19 18 at
1986 1667 48 23 2:23
2042 1675 55 22 p.m.,
2105 1667 45 23 half
2154 1667 25 23 of
2184 1674 12 16 a
2204 1667 58 24 skull,

1795 1706 51 22 used
1858 1713 23 14 as
1892 1712 26 15 an
1930 1709 28 18 art
1969 1712 57 22 prop,
2039 1712 43 15 was
2094 1705 91 29 reported
2197 1705 65 22 stolen

1795 1747 19 18 at
1823 1743 27 22 SL
1861 1743 78 29 Mary's
1948 1743 53 22 Hall.
2009 1743 27 22 At
2045 1743 48 22 2:57
2102 1750 56 22 p.m.,
2167 1750 12 15 a
2187 1742 75 23 female

1795 1781 79 21 student
1897 1781 93 28 reported
2013 1781 139 28 paintbrushes
2177 1780 85 29 missing

1795 1819 53 22 from
1865 1819 27 22 St
1909 1819 79 28 Mary's
2005 1819 52 22 Hall.
2072 1819 27 22 At
2115 1819 48 22 5:04
2179 1825 56 22 p.m.,
2251 1825 11 16 a

1795 1857 78 22 student
1880 1857 91 28 reported
1977 1857 31 22 his
2013 1863 24 16 or
2042 1857 36 22 her
2083 1857 30 21 ID
2117 1857 47 22 card
2171 1857 90 28 missing.

1794 1894 121 22 Wolfbueks
1923 1901 54 15 were
1984 1894 90 29 missing.

1836 1932 34 22 On
1881 1932 49 22 Dec.
1941 1932 43 22 Bat
1998 1932 44 22 1:39
2052 1939 55 22 p.m.,
2117 1939 12 15 a
2139 1932 28 22 hit
2176 1932 40 22 and
2226 1939 36 15 run

1794 1976 43 15 was
1850 1970 91 28 reported
1953 1977 28 14 on
1994 1970 32 21 the
2040 1969 77 23 second
2130 1969 53 22 floor
2193 1969 26 22 of
2229 1970 33 21 the

1794 2007 65 22 Freret
1875 2007 62 22 Street
1952 2007 87 29 Garage.
2055 2007 65 22 There
2136 2014 43 15 was
2195 2007 67 22 minor

1792 2045 89 28 damage
1888 2049 21 18 to
1915 2045 33 22 the
1956 2052 43 15 rear
2005 2045 87 28 bumper
2097 2045 26 22 of
2127 2045 33 22 the
2167 2051 36 16 car.

2349 1478 34 22 On
2390 1478 50 22 Nov.
2449 1477 27 22 24
2482 1482 19 18 at
2509 1477 95 29 midnight
2613 1477 85 22 Michael
2708 1477 67 29 Drury,

2306 1523 25 15 an
2344 1516 105 28 employee
2462 1516 31 22 for
2504 1516 32 22 the
2549 1516 51 22 State
2615 1516 125 28 Department
2753 1515 22 23 of

2307 1554 157 22 Environmental
2483 1553 83 29 Quality,
2586 1560 42 15 was
2647 1553 82 22 arrested
2747 1560 28 15 on

2305 1592 82 28 charges
2399 1591 24 22 of
2433 1591 141 29 downloading
2588 1591 75 29 images
2677 1591 65 22 linked
2755 1595 20 18 to

2306 1637 25 14 an
2338 1629 129 22 international
2473 1629 53 22 child
2532 1629 136 29 pornography
2675 1629 41 28 ring
2723 1629 51 21 from

2306 1674 12 15 a
2327 1671 102 25 computer
2438 1671 17 18 at
2465 1667 30 22 his
2505 1667 60 22 home
2575 1673 26 15 on
2611 1667 31 21 the
2651 1667 56 21 44(10
2716 1666 58 22 block

2305 1705 26 22 of
2337 1705 95 22 Chestnut
2442 1705 64 22 Street.
2515 1704 112 29 According
2637 1709 20 17 to
2665 1704 32 22 the
2708 1704 66 22 search

2307 1747 86 20 warrant,
2399 1743 80 28 Drurys
2483 1747 104 24 computer
2590 1742 102 22 contained
2699 1742 76 28 images

2306 1781 25 22 of
2334 1781 140 28 prepubescent
2479 1781 45 28 girls
2530 1780 119 29 performing
2655 1780 66 22 sexual
2728 1785 45 17 acts.

2349 1819 33 21 On
2394 1819 50 22 Nov.
2457 1818 26 23 23
2495 1822 19 19 at
2525 1818 47 23 7:37
2583 1825 54 22 p.m.,
2648 1825 12 15 a
2671 1825 48 15 man
2732 1818 19 22 in
2762 1825 13 15 a

2306 1857 47 21 dark
2364 1857 79 21 hooded
2453 1856 104 22 sweatshirt
2567 1856 123 29 approached
2700 1856 73 22 several

2307 1894 76 29 people,
2394 1894 66 22 armed
2472 1894 46 22 with
2530 1901 12 15 a
2552 1901 46 22 gray
2610 1894 163 22 semi-automatic

2306 1932 98 28 handgun.
2417 1932 32 22 He
2460 1932 59 22 made
2531 1932 31 21 the
2575 1931 76 22 victims
2662 1936 41 17 turn
2716 1938 57 22 away

2305 1970 39 21 and
2358 1969 47 22 took
2418 1970 48 21 their
2478 1969 120 29 bekmgings.
2612 1969 42 22 The
2668 1969 49 22 thief
2728 1969 45 22 then

2305 2014 33 15 ran
2349 2007 61 23 down
2420 2007 72 29 Joseph
2503 2007 60 23 Street
2573 2007 84 23 towanls
2668 2007 106 28 Magazine

2305 2045 65 21 Street

2349 1401 186 23 OFF-CAMPUS
2541 1401 96 23 CRIME

1412 153 45 21 the
1470 147 153 32 Maroon

251 188 110 25 2

2340 185 116 29 FRIDAY,
2469 185 174 26 DECEMBER
2655 185 28 28 11,
2695 184 83 26 2009

249 282 69 27 THE
386 264 334 67 Maroon

306 356 10 16 a
326 351 82 21 Greater
563 353 110 21 Established
681 353 40 20 1923

453 396 69 20 STAFF

251 428 89 21 Assistant
350 429 67 21 Editors
427 429 91 20 Precious
527 429 50 23 Esie,
587 428 87 26 Brittney

251 463 84 23 Holmes,
345 463 86 20 Amanda
440 462 90 24 Jeffries,
539 462 70 20 Caitlin
618 462 84 20 Sullivan

251 496 74 25 Graphic
334 496 84 25 Designer
428 497 61 19 Sarah
498 496 87 24 Azpeitia

251 529 118 21 Proofreader
378 530 53 20 Julia
440 530 80 20 Russler

251 564 39 20 Web
298 564 64 20 Master
373 563 77 25 Bridget
461 564 111 19 Boudreaux

251 612 111 25 Advertising
371 613 84 24 Manager
464 612 74 24 Maggie
547 611 69 20 Martin

251 646 50 21 Sales
309 646 83 25 Manager
402 646 75 20 Martha
486 646 96 19 Camacho

251 679 111 25 Advertising
370 680 28 19 Art
407 679 77 21 Director
494 679 38 20 Joe
541 678 84 25 Fleming

251 713 83 21 Business
344 713 83 25 Manager
436 713 49 24 Katy
494 712 105 20 Ruckstuhl

251 745 129 27 Marketing/PR
389 747 83 24 Manager
482 746 59 20 Sarah
551 746 86 19 Bearden

250 780 111 25 Advertising
369 780 85 25 Designer
463 780 70 24 Alysha
543 779 144 20 Jean-Charles

250 813 113 22 Distribution
373 813 83 25 Manager
465 813 52 20 Noah
527 813 71 20 Adams

249 847 111 26 Advertising
368 846 55 22 Sales:
433 847 88 24 Rosanny
530 846 102 23 Gonzalez,

249 881 109 20 Emmanuel
367 880 81 21 Herrero

249 929 68 26 Faculty
325 929 71 21 Adviser
406 929 80 20 Michael
495 929 62 20 Giusti

411 978 102 20 CONTACT
522 978 28 20 US

249 1012 43 21 Main
301 1012 55 21 Office
365 1012 63 22 (504)
437 1012 110 20 865-3535

249 1045 84 22 Business
340 1044 175 26 Office/Advertising
524 1045 64 22 (504)
597 1045 113 21 865-3536

249 1079 86 21 Adviser's
343 1078 55 22 Office
407 1078 63 23 (504)
479 1078 111 22 865-3295

249 1113 29 21 Fax
288 1113 62 23 (504)
359 1112 111 21 865-3534

248 1147 33 21 Our
290 1146 53 21 office
351 1146 14 21 is
373 1146 16 20 in
396 1146 32 21 the
435 1144 230 24 Communications/Music

247 1180 87 25 Complex,
343 1180 52 20 Room
404 1179 38 21 328.

247 1229 158 25 correspondence
509 1229 203 25 maroondDloyno.edu

246 1263 61 21 online
373 1262 185 26 onlineloyno.edu

247 1297 63 20 letters
318 1297 18 20 to
344 1297 30 20 the
382 1296 58 21 editor
521 1297 183 24 letterloyno.edu

247 1330 109 24 advertising
373 1331 157 24 adsfloyno.edu

247 1365 38 20 Web
294 1364 34 21 site
373 1365 253 23 www.loyolamaroon.com

248 1431 46 22 Send
302 1431 39 21 mail
350 1431 23 21 to:
382 1431 38 20 The
429 1431 84 23 Maroon,
524 1431 68 25 Loyola

249 1465 113 25 University,
372 1465 83 24 Campus
464 1465 38 20 Box
511 1464 35 24 64,
555 1464 58 21 6363
622 1464 29 21 St.

248 1499 79 20 Charles
336 1499 50 22 Ave.,
397 1499 43 20 New
449 1499 87 22 Orleans,
546 1499 27 20 LA
590 1498 62 21 70118

248 1532 34 21 The
290 1532 71 21 Maroon
369 1531 15 22 is
391 1531 94 26 published
494 1536 53 22 every
555 1531 64 27 Friday.

249 1566 11 20 A
268 1565 119 26 subscription
395 1565 19 21 to
422 1565 34 21 The
464 1566 72 20 Maroon
544 1565 15 21 is
566 1566 42 25 only
616 1564 33 25 $20
658 1570 9 16 a

249 1600 88 20 semester
345 1604 19 16 or
373 1597 33 25 $30
414 1604 10 16 a
432 1604 45 20 year.

249 1634 61 20 Unless
318 1633 96 21 otherwise
423 1633 60 23 noted,
490 1633 22 20 all
521 1633 74 21 content
604 1633 14 21 is

248 1667 115 25 copyrighted
373 1667 20 24 by
401 1667 34 20 The
444 1667 77 20 Maroon.
529 1667 23 20 All
561 1667 57 25 rights
627 1667 90 20 reserved.

248 1700 42 21 First
298 1704 44 22 copy
350 1700 38 21 free
395 1701 19 20 to
423 1700 89 24 students,
521 1700 67 26 faculty
595 1701 36 20 and
639 1700 49 21 staff.

248 1734 52 25 Every
307 1734 98 21 additional
413 1738 45 21 copy
467 1733 14 21 is
489 1732 52 25 $1.00.

247 1802 37 20 The
294 1802 76 20 Maroon
379 1801 17 21 is
406 1801 76 25 printed
491 1807 25 15 on
526 1801 28 21 30
563 1801 81 25 percent
654 1802 45 24 post-

246 1840 103 15 consumer
358 1835 89 25 recycled
456 1835 89 21 content.

553 1879 116 30 rrv

323 1911 22 18 A
370 1912 84 15 DIPIMIMQ
649 1910 18 15 W

245 1931 28 18 W
273 1931 2 18 -
311 1931 25 18 CI
340 1935 6 14 I
370 1931 83 13 SUSTfllMfllf

311 1942 34 28 yj
391 1948 63 13 intin6
549 1942 16 25 i
600 1942 12 26 I

547 2000 121 17 ASSOCIATED

549 2026 119 16 COLLEGIATE

580 2051 57 15 PRESS

596 2567 17 30 ;
1562 2547 158 46 Susan
1740 2547 54 46 G.
1819 2548 179 45 Komen
2019 2548 92 45 and
2134 2548 155 46 Desire
2308 2548 149 46 Street
2478 2550 233 45 Ministries

698 2680 1511 77 IIS/]lte^i.
2224 2720 204 38 ATTEND
2447 2720 103 40 FOR
2569 2721 132 39 FREE

700 2757 22 42 1
733 2757 138 42 lidi
884 2757 22 42 I
2223 2766 130 24 STUDENT
2368 2767 162 24 DISCOUNTS
2543 2768 156 25 AVAILABLE

662 2797 23 33 h'
2251 2805 19 23 3
2302 2797 34 31 *
2339 2806 11 21 r
2393 2800 54 29 eta
2452 2797 4 33 '
2461 2799 24 30 ,s

562 2909 38 8 _
618 2914 11 3 _
807 2866 74 55 s'
1160 2878 37 39 ".'.
1453 2875 9 15 *
2222 2881 21 29 4
2255 2881 54 29 wk
2323 2881 157 30 Outdoor
2493 2882 90 30 Boot
2596 2882 112 37 Camp

2012 2922 18 26 1
2223 2929 29 30 @
2264 2930 171 30 Audubon

2195 3025 13 12 *
2222 3017 74 33 Only
2306 3016 78 31 $110
2396 3016 47 35 ($9
2455 3026 54 26 per
2521 3019 236 34 Session/Hour)

286 3137 213 65 iCTII
571 3125 80 77 II
762 3154 89 48 *
862 3125 77 77 k
1047 3154 89 48 W*~
1148 3125 75 74 4m
1286 3125 109 77 IK
1467 3131 24 71 I
2056 3125 73 77 L
2194 3164 12 12 *
2218 3150 90 39 Join
2325 3151 177 47 January
2519 3152 97 39 Boot
2632 3152 122 48 Camp

284 3185 215 55 I\Slm
576 3185 75 53 II
760 3185 174 49 ViflV
1046 3194 173 61 VyBP
1341 3185 150 68 wmJ
1496 3192 48 63 l\
2045 3219 59 36 wr
2120 3208 8 16 !

287 3229 365 75 VJII
724 3229 129 83 j/
1009 3229 129 84 //
1171 3277 89 36 n
1281 3229 847 95 f^5l5S9HH|j
2223 3249 123 44 Start
2364 3259 110 45 your
2494 3251 107 44 New
2618 3252 108 44 Year

526 3296 164 82 C
854 3296 164 82 3
1182 3296 328 82 v&
2209 3323 321 46 Commitment
2548 3325 110 44 with
2677 3335 60 35 an

279 3370 120 96 ll,r
2226 3397 202 48 Outdoor
2446 3399 113 46 Boot
2577 3399 141 57 Camp

2161 3482 605 22 Hi

2175 3675 585 48 www.salirefitness.com

349 3793 66 48 JmtL
463 3816 46 26 jstf,
536 3819 36 23 kit
600 3815 8 26 I
637 3820 6 23 i
673 3814 36 33 fet,
733 3815 46 32 fjfctii
1078 3775 114 73 ,jL
1316 3799 39 42 fel

525 3917 12 25 ::
1535 3894 162 34 SALIRE
1713 3899 111 30 wants
1839 3900 36 28 to
1892 3893 111 42 know,
2126 3898 94 33 YOU
2236 3899 199 39 JUMPING
2454 3901 43 32 IN
2516 3920 27 5 --
2561 3901 31 33 in

420 3954 11 38 ;
1702 3947 170 36 0r....wi1l
1889 3959 68 35 you
1976 3951 40 33 sit
2030 3948 66 37 this
2111 3961 72 24 one
2198 3958 61 29 out
2274 3964 46 23 on
2336 3951 60 36 the
2410 3953 168 36 sideline?
