3823 5118
155 233 97 46 You
286 232 121 46 Must
440 233 81 44 Let
551 230 203 47 Leaders

157 297 137 45 Know
328 298 119 44 Your
481 296 155 46 Peace
671 296 143 44 Views

214 366 38 28 In
286 371 205 21 considering
523 366 51 26 the
606 366 154 32 prospects
792 365 34 26 of

155 410 53 27 the
230 410 102 27 future
356 410 23 28 it
401 410 25 27 is
449 409 65 28 well
536 412 31 25 to
589 409 66 27 look
678 409 75 26 back
775 408 50 27 for

155 464 19 17 a
192 454 131 26 moment
341 455 31 26 to
389 453 51 27 the
459 455 75 30 past.
574 452 91 27 After
683 442 51 37 the
752 452 74 26 first

158 496 100 29 World
272 497 80 30 War,
364 496 86 27 when
464 496 120 27 nations
597 503 78 18 were
689 495 138 31 clumsily

157 541 144 31 patching
315 539 138 32 together
467 547 39 18 an
522 539 172 26 institution
711 538 49 26 for
776 538 51 26 the

156 584 209 26 maintenance
381 583 32 26 of
431 582 213 27 international
662 582 88 26 order
767 581 59 27 and

155 626 120 31 justice,
302 626 79 31 Pope
407 625 142 27 Benedict
575 624 55 27 XV
655 624 171 33 repeatedly

157 670 93 30 urged
267 670 66 26 that
352 669 147 27 Catholics
517 668 137 28 consider
670 668 50 27 the
738 675 88 25 peace

156 713 30 26 in
208 713 50 27 the
279 713 74 30 light
374 713 33 27 of
427 711 153 28 Christian
601 712 144 30 doctrine,
766 711 60 26 and

157 758 127 29 support
308 756 82 26 those
415 755 114 26 leaders
554 754 67 26 who
644 754 108 31 fought
777 753 50 27 for

157 807 16 18 a
187 799 65 30 just
266 798 92 27 world
373 798 178 27 association
565 797 33 27 of
611 797 129 26 nations.
775 796 35 27 Re-

156 841 148 32 gretably,
324 843 76 24 most
422 841 132 26 Catholic
574 840 124 27 citizens
717 840 110 27 turned

157 895 19 18 a
199 884 71 27 deaf
292 893 53 18 ear
366 886 30 25 to
419 884 49 27 the
493 884 105 31 Pope's
621 891 90 25 many
735 884 91 31 pleas.

158 928 61 26 The
236 928 122 26 citizens
376 928 31 25 of
422 928 48 26 the
488 927 111 26 United
616 926 100 28 States
734 926 93 26 failed

158 972 31 25 to
219 971 63 31 join
316 971 28 26 in
375 971 135 30 creating
541 978 37 18 an
611 970 216 26 international

158 1014 216 31 organization.
418 1013 61 26 The
512 1013 98 31 faulty
644 1013 118 31 League
795 1012 32 26 of

159 1057 128 26 Nations
313 1065 61 18 was
397 1059 46 24 set
467 1064 38 24 up
529 1056 58 27 and
611 1064 72 26 sooji
708 1055 119 27 showed

159 1100 39 27 its
219 1101 165 31 impotence
404 1100 29 26 in
455 1099 107 32 failing
581 1101 31 26 to
632 1101 126 30 prevent
776 1099 51 26 the

159 1143 110 27 second
295 1143 124 32 tragedy
448 1145 28 24 to
505 1143 95 26 strike
628 1143 30 26 in
687 1151 17 19 a
731 1142 96 31 single

155 1187 188 31 generation.

217 1244 79 27 Once
335 1243 88 32 again
462 1244 50 26 the
552 1243 115 27 leaders
705 1243 33 26 of
776 1242 51 27 the

159 1287 118 28 Church
299 1295 50 20 are
371 1287 108 31 urging
498 1296 19 18 a
537 1294 88 25 peace
645 1287 59 26 and
725 1293 38 19 an
782 1286 30 26 in-

157 1331 182 28 ternational
361 1330 206 31 organization
589 1329 181 28 established
788 1337 38 17 on

158 1374 161 32 principles
331 1373 34 28 of
376 1373 115 31 justice,
505 1373 128 30 charity,
644 1372 60 26 and
716 1372 110 31 equity.

158 1416 79 32 Pope
260 1417 72 26 Pius
354 1416 57 26 XII
434 1416 52 26 has
509 1416 86 26 made
617 1415 98 32 public
737 1422 90 25 many

158 1460 103 26 letters
282 1459 181 32 concerning
484 1458 216 28 international
722 1458 104 30 order;

157 1503 50 27 the
229 1502 174 33 bishops.of
424 1502 50 28 the
495 1502 113 27 United
630 1502 100 26 States
751 1501 76 26 have

158 1546 99 26 issued
279 1547 60 25 two
360 1546 231 31 proclamations
611 1544 116 31 stating
747 1544 80 26 their

158 1590 128 31 position
308 1590 28 25 in
357 1589 49 26 the
425 1596 87 23 peace
532 1590 30 25 to
581 1588 36 27 be
635 1588 86 26 made
740 1587 86 26 when

159 1632 152 32 Germany
337 1632 59 27 and
423 1631 100 32 Japan
551 1630 108 32 finally
684 1629 140 33 collapse.

158 1675 56 29 Yet
233 1676 24 27 it
274 1675 95 26 would
387 1683 79 18 seem
480 1674 68 27 that
564 1676 51 25 too
629 1681 90 25 many
737 1673 72 27 Cath-

157 1718 71 27 olics
244 1726 51 19 are
311 1718 179 27 indifferent
505 1718 91 27 about
610 1717 49 27 the
672 1716 155 32 questions

157 1762 66 27 that
241 1763 80 25 must
341 1762 34 26 be
394 1761 119 27 decided
533 1762 32 27 at
582 1760 51 27 the
651 1767 91 24 peace
760 1767 51 18 con-

157 1805 129 27 ference.

216 1862 72 27 This
318 1861 128 27 attitude
474 1861 32 26 of
535 1860 201 27 indifference
764 1867 63 18 was

157 1906 105 27 shown
283 1907 30 24 at
335 1905 50 27 the
404 1904 146 32 meetings
570 1903 33 26 of
621 1903 51 27 the
691 1902 135 27 Catholic

157 1949 190 26 Association
387 1947 48 26 for
476 1945 218 28 International
733 1944 94 27 Peace

159 1992 66 27 held
252 1991 57 27 last
333 1990 80 27 week
439 1989 94 27 under
556 1989 50 27 the
630 1988 197 33 sponsorship

158 2035 34 27 of
227 2034 108 32 Loyola
373 2032 172 33 university.
591 2032 88 29 True,
716 2030 110 32 Loyola

160 2086 62 18 was
251 2077 193 33 represented
472 2077 36 31 by
536 2075 116 32 faculty
677 2074 149 27 members

159 2123 58 26 and
233 2121 37 32 by
286 2121 150 29 students;
451 2122 75 27 true,
542 2118 137 27 students
693 2116 34 27 of
740 2116 87 27 other

159 2164 115 27 schools
314 2165 58 27 and
411 2162 125 31 colleges
575 2160 151 27 attended.
769 2159 58 27 But

159 2208 100 25 where
284 2215 78 18 were
386 2206 50 27 the
460 2204 151 27 hundreds
633 2204 33 27 of
693 2203 134 28 Catholic

159 2251 122 26 citizens
301 2251 32 26 of
352 2250 70 25 New
441 2248 145 27 Orleans?
623 2248 108 26 Where
749 2253 78 19 were

159 2294 50 27 the
232 2297 65 24 vast
319 2292 143 33 majority
484 2292 31 26 of
539 2290 108 33 Loyola
668 2288 159 29 students?

159 2337 107 27 Where
288 2344 78 18 were
386 2336 85 26 those
490 2335 67 25 who
578 2334 37 26 25
636 2341 89 24 years
747 2331 79 27 from

160 2387 66 19 now
251 2379 57 26 will
335 2379 102 26 bewail
462 2378 49 27 the
534 2377 110 27 failure
667 2376 33 26 of
722 2377 90 25 states-

159 2430 67 20 men
250 2423 58 26 and
331 2421 179 28 churchmen
534 2422 30 24 to
587 2419 81 27 build
691 2427 18 18 a
732 2418 95 27 sound

159 2465 109 34 peace?
288 2466 169 26 Statesmen
476 2463 58 27 and
553 2463 180 27 churchmen
754 2461 73 27 need

159 2517 88 23 every
262 2510 126 30 support
401 2507 67 27 that
480 2507 122 26 citizens
617 2505 58 27 and
689 2504 138 27 students

159 2560 54 19 can
228 2552 68 31 give
308 2551 90 27 them.
434 2550 60 26 The
507 2557 103 18 errors
624 2548 32 26 of
670 2547 157 27 Woodrow

159 2595 138 27 Wilson's
316 2594 71 27 time
405 2591 59 28 will
482 2595 51 24 not
551 2591 34 27 be
603 2590 149 32 repeated.

217 2651 62 27 The
293 2651 120 26 horizon
429 2651 25 25 is
470 2658 35 17 no
520 2650 102 30 longer
636 2647 111 32 bright.
783 2647 44 27 As

158 2695 51 28 the
232 2693 251 33 representatives
505 2692 33 27 of
559 2692 50 27 the
632 2691 111 28 United
766 2689 41 28 Na-

158 2739 80 25 tions
256 2737 108 31 gather
384 2737 29 26 in
433 2735 60 28 San
511 2735 163 27 Francisco
690 2736 34 26 to
741 2733 86 28 draft

157 2781 52 27 the
232 2782 151 25 structure
407 2779 32 27 of
464 2779 48 27 the
537 2777 127 28 General
690 2777 120 26 Interna-

158 2823 92 28 tional
281 2822 222 32 Organization,
532 2830 18 18 a
579 2821 90 31 spirit
697 2819 33 27 of
758 2819 68 27 fear

157 2867 60 27 and
229 2867 156 31 hesitancy
399 2864 129 33 prevails
542 2865 29 26 in
584 2872 80 19 some
676 2864 150 31 quarters.

157 2910 62 26 The
238 2909 150 31 delegates
406 2916 51 18 are
476 2908 35 31 by
531 2915 38 19 no
585 2914 103 20 means
706 2913 70 19 sure
794 2904 34 26 of

157 2952 126 32 popular
301 2953 133 31 support.
473 2951 86 32 Upon
575 2950 79 27 their
670 2949 156 27 shoulders

158 2998 63 24 rest
236 2995 51 27 the
304 2995 129 27 burdens
448 2993 34 27 of
496 2994 50 27 the
562 2993 108 29 world;
687 2992 71 31 they
774 2999 52 18 are

157 3039 171 32 depending
349 3044 76 26 upon
447 3044 90 24 every
557 3036 107 26 citizen
684 3034 34 27 of
736 3042 90 24 every

159 3082 104 27 nation
288 3083 30 25 to
344 3080 91 32 speak
460 3081 50 25 out
534 3079 47 26 his
606 3078 135 27 counsels
767 3077 59 27 and

157 3125 122 27 desires.
321 3123 144 30 Political,
486 3122 99 32 social,
605 3122 59 26 and
684 3121 142 30 religious

157 3169 78 26 sects
255 3169 82 24 must
356 3166 38 27 all
415 3166 34 27 be
471 3166 91 27 heard
582 3165 80 26 from
664 3166 93 25 not
774 3163 51 27 the

157 3210 117 28 leaders
295 3210 93 30 alone,
410 3210 52 26 but
483 3209 50 26 the
557 3207 109 32 people,
688 3209 59 24 too.

216 3260 119 30 Among
348 3259 50 28 the
413 3258 146 32 problems
573 3257 96 26 which
684 3256 141 28 confront

156 3304 50 28 the
222 3303 149 31 delegates
386 3301 141 32 gathered
543 3301 31 26 in
588 3300 60 26 San
664 3299 162 27 Francisco

156 3347 60 26 and
233 3346 86 27 those
337 3345 66 26 who
420 3344 59 26 will
496 3344 100 27 decide
613 3343 51 27 the
680 3344 94 25 terms
791 3341 34 27 of

157 3397 89 24 peace
270 3397 51 18 are
346 3396 89 24 many
457 3387 72 27 with
553 3386 97 28 which
674 3385 150 28 Catholics

156 3432 107 27 should
279 3431 35 27 be
330 3431 124 31 directly
469 3429 171 28 concerned.
675 3428 83 27 Shall
774 3428 50 26 the

157 3475 58 32 Big
233 3475 73 27 Five
325 3475 75 26 have
417 3474 51 26 the
487 3473 82 31 right
587 3474 33 26 of
639 3474 68 24 veto
725 3471 31 26 in
774 3470 51 27 the

157 3518 132 32 security
312 3516 133 27 council?
488 3515 80 27 Shall
592 3515 101 27 Soviet
715 3514 110 27 Russia

156 3562 76 26 have
252 3561 87 27 three
358 3561 82 25 votes
460 3559 117 27 instead
597 3558 32 27 of
648 3565 55 19 one
724 3558 30 26 in
774 3557 51 27 the

156 3605 122 31 general
303 3602 168 32 assembly?
512 3602 81 27 Shall
619 3601 120 27 nations
761 3608 48 19 sur-

156 3647 111 27 render
283 3650 69 28 part
367 3646 32 26 of
414 3646 78 26 their
507 3645 191 31 sovereignty
714 3646 31 25 to
760 3643 64 31 join

157 3691 31 27 in
213 3690 52 27 the
289 3689 206 31 organization
519 3687 60 27 and
603 3695 33 18 so
660 3687 165 31 guarantee

159 3733 48 27 the
224 3732 135 27 freedom
375 3732 57 27 and
450 3731 130 32 security
597 3729 33 28 of
645 3729 51 28 the
712 3729 113 27 world?

157 3777 76 26 How
250 3775 75 26 shall
343 3775 50 28 the
410 3773 134 28 difficult
564 3773 100 27 Polish
680 3772 145 27 situation

157 3819 36 27 be
217 3817 148 28 handled?
407 3817 82 27 Shall
513 3817 51 27 the
587 3816 112 27 United
725 3815 100 27 States

156 3870 99 19 annex
276 3862 50 26 the
348 3861 112 26 Pacific
482 3859 132 27 islands?
627 3858 4 31 .
653 3858 89 27 What
762 3866 48 18 cor-

161 3905 130 27 rections
318 3906 81 25 must
424 3904 35 26 be
486 3903 86 26 made
599 3902 31 26 in
656 3901 52 27 the
735 3900 68 28 Dum-

158 3948 108 27 barton
292 3947 79 26 Oaks
396 3945 174 33 proposals?

217 3997 150 28 Catholics
390 3998 30 25 in
442 3996 139 27 America
602 3995 60 27 and
682 3994 127 31 through-

158 4043 53 25 out
234 4041 51 25 the
307 4040 93 26 world
423 4042 80 24 must
524 4038 91 32 study
638 4038 59 26 and
721 4037 104 27 search

160 4083 75 27 until
260 4083 51 27 the
335 4090 132 20 answers
492 4083 29 26 to
544 4082 86 26 these
653 4081 59 27 and
736 4088 91 24 many

159 4127 85 27 other
269 4127 152 31 questions
445 4132 52 20 are
518 4124 112 30 found;
654 4124 71 31 they
746 4124 81 25 must

159 4170 35 27 be
216 4170 111 30 always
349 4169 96 29 vocal;
468 4168 69 32 they
559 4169 81 25 must
661 4166 167 27 remember

158 4213 52 26 the
222 4211 129 32 promise
363 4211 34 27 of
408 4211 49 27 the
470 4211 57 26 late
541 4210 157 27 President
712 4209 95 27 Frank-

159 4255 41 26 lin
218 4254 164 31 Roosevelt,
400 4254 65 28 that
482 4254 49 27 the
548 4252 215 28 international
780 4259 32 20 or-

158 4298 173 32 ganization
345 4299 58 26 and
417 4297 50 27 the
482 4304 88 24 peace
584 4296 74 27 shall
672 4296 34 26 be
719 4294 90 27 found-

159 4342 35 26 ed
211 4349 38 18 on
266 4341 50 26 the
334 4340 70 26 rock
421 4339 32 28 of
470 4339 154 27 Christian
642 4338 110 32 justice
767 4337 59 27 and

158 4384 128 30 charity.

218 4432 76 32 Only
312 4433 86 26 when
417 4432 149 27 Catholics
586 4434 45 24 set
648 4431 179 27 themselves

157 4478 33 25 to
206 4475 51 27 the
273 4475 68 28 task
356 4478 32 25 at
404 4475 79 27 hand
500 4475 58 27 and
575 4475 64 31 join
657 4475 72 26 with
746 4474 81 26 their

159 4519 150 31 delegates
334 4519 31 26 in
389 4518 198 31 establishing
611 4516 214 28 international

159 4562 89 26 order
264 4561 74 27 shall
355 4563 49 26 the
419 4561 99 27 clouds
533 4561 98 26 which
646 4560 113 27 darken
775 4560 50 26 the

159 4605 122 26 horizon
305 4604 33 27 of
360 4607 159 24 tomorrow
542 4604 36 26 be
601 4603 106 27 driven
730 4610 94 25 away.

157 4647 64 27 The
247 4647 73 27 time
345 4647 54 27 has
426 4648 104 31 passed
556 4646 39 28 all
621 4647 51 27 too
696 4646 128 32 quickly.

158 4690 64 28 The
237 4690 57 33 day
310 4690 33 26 of
356 4698 87 25 peace
458 4692 108 25 cannot
583 4690 34 26 be
633 4689 50 27 far
699 4689 125 27 distant.

157 4734 63 27 The
244 4740 141 24 congress
410 4733 31 27 of
464 4733 60 27 San
549 4732 162 27 Francisco
736 4733 24 25 is
784 4730 28 28 al-

156 4777 94 31 ready
266 4777 31 26 in
315 4776 121 27 session.
472 4776 59 26 The
549 4775 137 27 deadline
702 4775 25 26 is
744 4774 80 27 here.

156 4819 79 27 Find
257 4819 50 26 the
329 4827 133 19 answers
484 4821 31 24 to
536 4818 51 27 the
608 4817 154 33 questions
784 4817 39 27 all

156 4863 51 27 the
233 4862 119 33 peoples
377 4862 33 27 of
435 4862 49 27 the
509 4861 94 27 world
627 4868 53 20 are
705 4860 117 31 asking.

948 229 65 26 Lift
1025 236 76 24 your
1114 228 83 26 voice
1211 228 59 26 and
1284 228 39 26 let
1336 227 50 27 the
1401 227 114 26 leaders
1530 225 85 26 know

948 273 66 26 that
1031 272 30 27 in
1080 271 101 27 Christ
1200 279 52 19 are
1268 271 50 27 the
1335 270 67 30 only
1419 276 148 23 answers;
1586 267 29 27 in

948 315 103 27 Christ
1067 313 25 29 is
1106 315 51 26 the
1171 314 69 32 only
1254 314 64 31 just
1332 313 58 28 and
1406 312 111 31 lasting
1528 319 87 24 peace

948 359 66 25 that
1033 359 79 25 must
1134 358 34 26 be
1186 365 79 19 ours.

1249 414 171 27 Alexander
1435 410 144 32 Federoff

954 507 249 47 Education
1234 508 33 45 Is
1294 508 108 45 One
1432 506 119 47 Cure

954 573 82 44 For
1064 570 192 47 World's
1287 569 224 48 Madness

990 635 69 26 The
1080 635 130 27 Society
1230 640 40 21 of
1288 635 144 27 mankind
1452 635 54 27 has
1527 633 80 28 evolv-

950 680 35 25 ed
1001 679 80 26 from
1096 687 18 19 a
1129 680 79 25 state
1224 679 33 26 of
1273 686 145 25 savagery
1434 680 31 25 to
1480 678 80 26 what
1575 685 44 17 we

950 722 105 26 choose
1074 724 30 24 to
1121 722 55 26 call
1195 722 192 26 civilization.
1416 723 51 26 We
1484 721 136 27 consider

950 764 152 26 ourselves
1134 765 154 30 educated,
1321 764 145 31 cultured,
1500 762 118 32 refined,

950 807 59 27 and
1037 807 199 32 progressive.
1275 807 52 28 We
1353 807 75 27 have
1453 806 166 32 conquered

951 858 88 24 space
1066 851 59 26 and
1153 851 82 26 time.
1283 851 52 26 We
1362 858 55 19 can
1444 851 48 25 eat
1520 848 85 28 break-

950 894 64 27 fast
1034 894 29 25 in
1086 893 74 27 New
1180 894 84 26 York
1285 895 58 26 and
1363 901 111 24 supper
1495 893 29 26 in
1546 892 55 27 Lon-

951 937 66 26 don.
1056 937 52 25 We
1136 936 75 27 have
1240 937 139 28 invented
1406 936 215 32 replacements

951 979 48 26 for
1023 987 69 18 man
1117 979 85 27 labor
1226 979 68 27 that
1317 983 51 24 not
1392 979 68 32 only
1483 978 136 33 multiply

951 1023 136 31 capacity
1109 1022 33 27 of
1163 1022 205 33 productivity
1390 1022 53 27 but
1463 1022 157 31 efficiency.

951 1066 52 26 We
1020 1065 94 27 smirk
1130 1065 74 28 with
1219 1065 193 27 satisfaction
1428 1065 67 27 that
1511 1072 43 19 we
1569 1072 52 18 are

950 1110 121 29 greater
1089 1108 74 27 than
1182 1108 64 26 God
1264 1108 126 26 because
1406 1116 45 17 we
1467 1108 76 25 have
1560 1114 46 19 cre-

952 1150 68 26 ated
1047 1149 317 29 robot-substitutions
1387 1150 69 27 that
1479 1149 126 32 seeming-

951 1194 29 32 ly
1003 1201 125 25 surpass
1152 1194 46 27 his
1220 1195 136 31 greatest
1377 1194 143 31 creation,
1542 1201 78 19 man.

990 1237 63 27 Our
1073 1237 198 27 automobiles
1291 1237 69 27 take
1382 1245 34 19 us
1437 1245 85 25 away
1541 1237 79 25 from

950 1288 55 18 our
1024 1280 109 26 homes.
1163 1279 64 27 Our
1244 1280 99 26 minds
1360 1280 76 26 have
1454 1279 120 27 evolved
1589 1281 33 24 to

951 1331 16 18 a
983 1325 78 25 state
1077 1323 31 25 in
1123 1322 98 26 which
1236 1323 52 26 the
1302 1322 107 32 family
1424 1323 27 25 is
1466 1331 39 17 no
1518 1321 103 32 longer

951 1374 37 18 an
1003 1365 144 27 essential
1162 1367 71 30 part
1246 1365 33 27 of
1293 1373 55 19 our
1363 1364 181 28 intellectual
1559 1364 60 28 life.

952 1408 61 27 The
1039 1408 118 26 mother
1180 1408 33 26 of
1237 1408 161 32 yesterday
1422 1408 67 26 who
1512 1407 109 31 guided

951 1452 53 26 her
1028 1451 173 32 offsprings
1225 1453 59 26 and
1309 1451 108 32 upheld
1440 1452 51 25 the
1514 1450 90 27 funda-

951 1494 127 26 mentals
1093 1494 33 26 of
1139 1493 51 27 the
1203 1493 107 32 family
1325 1494 26 26 is
1364 1502 38 18 no
1414 1493 103 31 longer
1530 1492 76 27 avail-

951 1537 64 27 able
1033 1536 86 27 when
1136 1536 55 27 her
1206 1536 135 27 children
1359 1535 74 28 need
1450 1535 62 28 her.
1539 1535 82 31 They

950 1587 81 19 come
1046 1580 85 26 home
1146 1579 79 26 from
1241 1579 99 27 school
1354 1579 59 28 and
1426 1579 52 26 she
1493 1579 24 26 is
1530 1585 73 19 some-

951 1623 99 26 where
1078 1624 52 25 out
1159 1622 30 26 in
1219 1622 51 27 the
1300 1622 189 27 mechanized
1519 1620 101 27 world.

949 1666 59 27 She
1028 1665 70 27 does
1119 1666 53 25 not
1192 1668 82 24 want
1295 1667 32 25 to
1346 1664 133 27 sacrifice
1500 1664 53 26 her
1572 1672 32 19 ca-

953 1716 66 18 reer
1046 1708 56 26 for*
1123 1708 83 26 them
1235 1715 55 19 nor
1318 1707 60 27 will
1405 1707 53 27 her
1484 1707 134 27 children

951 1751 80 27 after
1047 1751 53 26 her
1116 1751 36 27 do
1169 1751 33 27 it.

988 1794 62 27 The
1066 1794 192 26 world-mind
1275 1794 30 26 in
1322 1794 39 26 its
1376 1795 123 30 present
1513 1793 107 30 degree

950 1837 32 27 of
1007 1837 151 27 evolution
1184 1837 56 27 has
1263 1838 121 26 created
1410 1845 18 17 a
1453 1835 110 33 society
1589 1834 30 27 in

951 1880 97 26 which
1070 1880 86 27 there
1178 1879 26 28 is
1227 1888 38 18 no
1288 1879 81 32 place
1391 1878 49 27 for
1462 1878 50 27 the
1533 1878 74 27 liber-

950 1923 59 32 ally
1030 1922 153 31 educated,
1205 1931 38 18 no
1263 1922 83 32 place
1365 1922 49 26 for
1432 1922 124 29 culture,
1576 1927 30 20 re-

951 1966 151 30 finement,
1117 1966 60 27 and
1192 1966 108 31 family
1316 1965 61 27 life.

990 2009 63 26 The
1077 2008 109 32 family
1212 2009 25 26 is
1260 2008 51 26 the
1335 2015 72 23 very
1433 2007 66 26 unit
1519 2008 34 26 of
1576 2014 30 18 so-

952 2052 87 31 ciety.
1078 2052 47 31 By
1141 2051 196 31 obliterating
1364 2049 108 33 family
1499 2049 53 27 life
1579 2056 43 19 we

951 2104 52 18 are
1029 2095 198 31 obliterating
1252 2093 129 33 actually
1406 2093 50 28 the
1483 2093 80 27 basis
1589 2093 32 26 of

951 2138 193 27 civilization.
1171 2137 69 31 Yes,
1255 2137 111 33 society
1381 2137 53 26 has
1451 2136 170 31 undergone

951 2181 163 30 evolution,
1134 2181 53 27 but
1207 2181 29 26 in
1256 2187 38 20 an
1313 2180 134 31 opposite
1466 2178 154 29 direction.

953 2225 61 26 The
1036 2224 192 27 world-mind
1250 2223 54 26 has
1326 2223 118 26 become
1463 2221 77 32 mad,
1562 2221 59 27 and

953 2267 29 26 in
1001 2267 40 26 its
1059 2267 134 31 insanity
1213 2267 22 26 it
1252 2266 54 27 has
1323 2265 147 32 produced
1486 2264 51 28 the
1554 2264 51 26 cha-

953 2310 58 26 otic
1031 2309 146 27 situation
1197 2308 80 27 from
1298 2308 95 27 which
1412 2316 44 19 we
1476 2315 65 19 now
1561 2306 45 27 suf-

952 2353 57 26 fer.
1037 2353 53 27 We
1108 2360 51 19 are
1177 2352 175 31 destroying
1368 2350 160 28 ourselves.

992 2396 61 27 Are
1067 2403 45 19 we
1126 2394 145 33 potential
1285 2394 132 26 mothers
1431 2393 58 26 and
1503 2392 117 27 fathers

953 2438 91 32 going
1065 2440 31 24 to
1119 2437 111 32 persist
1253 2437 31 26 in
1307 2445 55 18 our
1383 2436 127 27 demand
1533 2435 49 26 for
1603 2443 18 19 a

953 2480 94 27 world
1075 2481 29 26 in
1133 2480 97 27 which
1257 2480 85 27 there
1369 2480 26 25 is
1421 2478 76 28 little
1524 2485 34 19 or
1583 2485 38 19 no

955 2524 83 32 phace
1064 2524 51 26 for
1141 2523 130 27 cultural
1298 2520 225 29 achievement?
1560 2521 61 25 Are

954 2574 44 19 we
1012 2566 93 31 going
1119 2568 33 24 to
1168 2566 111 31 persist
1295 2565 30 25 in
1341 2572 54 18 our
1411 2563 75 32 fight
1501 2563 121 31 against

952 2609 106 26 liberal
1084 2607 179 28 education?

992 2651 62 27 Our
1084 2652 124 31 parents
1236 2650 60 27 and
1325 2650 192 32 foreparents
1545 2648 76 27 have

953 2694 148 32 prepared
1123 2693 50 26 for
1194 2700 34 19 us
1248 2701 18 19 a
1287 2694 82 27 word
1389 2691 34 28 of
1443 2690 177 33 instability.

952 2736 28 28 It
1000 2737 26 26 is
1046 2744 40 24 up
1103 2738 33 25 to
1156 2743 43 24 us,
1218 2735 50 27 the
1287 2743 100 24 young
1406 2734 102 33 people
1526 2734 34 26 of
1577 2735 30 26 to-

952 2780 68 31 day,
1047 2780 32 25 to
1103 2778 97 27 strive
1225 2779 31 26 to
1282 2785 69 19 cure
1376 2778 51 26 the
1452 2777 169 32 prevailing

952 2822 112 27 mental
1088 2822 118 27 disease
1230 2821 32 26 of
1285 2821 50 26 the
1357 2820 102 27 world.
1493 2819 60 27 Are
1576 2827 44 18 we

951 2865 92 31 going
1063 2866 31 24 to
1113 2865 40 26 sit
1172 2863 75 28 back
1267 2864 29 25 in
1316 2862 119 32 despair
1453 2862 58 27 and
1531 2862 88 32 decry

952 2908 67 27 that
1034 2915 45 19 we
1094 2915 53 18 are
1162 2909 49 25 too
1227 2905 83 27 weak
1324 2908 32 24 to
1369 2905 90 27 check
1473 2905 50 27 the
1539 2912 64 25 pres-

951 2953 52 24 ent
1021 2949 126 28 trends?

990 2993 52 27 We
1060 3000 56 19 can
1135 2993 125 31 pretend
1278 2993 30 24 to
1325 2991 150 28 ourselves
1492 2990 67 27 that
1576 2998 43 17 we

952 3036 112 26 believe
1081 3036 23 26 it
1120 3036 25 26 is
1159 3033 170 28 inevitable.
1354 3033 51 27 We
1419 3041 55 18 can
1488 3032 51 27 tell
1553 3040 51 19 our-

951 3078 97 27 selves
1064 3078 67 27 that
1149 3077 91 27 social
1256 3076 105 28 trends
1376 3076 102 28 evolve
1494 3076 30 26 in
1539 3083 18 19 a
1572 3082 32 26 cy-

950 3121 52 27 cle.
1029 3121 52 27 We
1095 3128 56 19 can
1167 3127 62 25 say,
1243 3127 61 25 yes,
1319 3126 43 19 we
1376 3126 52 19 are
1441 3118 65 27 well
1520 3126 99 19 aware

951 3165 67 27 that
1041 3171 45 20 we
1108 3170 52 22 are
1182 3162 175 32 destroying
1377 3162 159 26 ourselves.
1568 3160 52 27 We

950 3214 55 20 can
1026 3208 50 29 try
1096 3208 33 25 to
1147 3205 88 27 make
1254 3204 151 27 ourselves
1423 3204 110 27 believe
1553 3203 67 28 that

950 3250 86 27 there
1059 3249 26 27 is
1108 3248 128 32 nothing
1257 3255 44 19 we
1321 3254 55 19 can
1399 3247 36 27 do
1456 3247 88 32 today
1567 3246 52 27 but

950 3292 98 32 swing
1084 3291 87 28 down
1209 3291 73 26 with
1318 3297 39 20 an
1393 3289 225 32 inconquerable

949 3335 93 27 force.

990 3378 60 28 But
1070 3378 77 26 have
1167 3384 44 18 we
1231 3375 153 32 forgotten
1405 3383 44 19 we
1467 3382 53 20 are
1539 3382 64 20 crea-

950 3423 83 24 tures
1053 3422 34 26 of
1108 3418 85 28 God?
1224 3418 85 28 Have
1329 3426 44 19 we
1394 3418 153 31 forgotten
1568 3418 51 26 the

949 3464 159 31 greatness
1124 3462 34 27 of
1171 3462 52 27 the
1239 3461 116 27 Master
1369 3461 83 26 Mind
1460 3460 13 26 ?
1497 3460 62 27 Can
1575 3468 43 17 we

951 3507 30 26 in
1000 3506 39 27 all
1059 3506 103 31 sanity
1181 3505 60 27 and
1260 3503 144 32 sincerity
1424 3503 110 27 believe
1553 3502 66 27 that

950 3557 43 18 we
1009 3549 67 26 who
1092 3548 76 27 have
1183 3548 158 26 emanated
1357 3545 79 28 from
1451 3545 50 27 the
1517 3545 102 27 Power

949 3592 146 31 Supreme
1129 3599 54 19 are
1215 3589 149 33 helpless?
1398 3589 62 27 Our
1495 3589 123 27 Creator

949 3642 76 25 gave
1045 3642 35 19 us
1098 3633 199 31 intelligence.
1327 3631 107 32 Surely
1452 3639 43 18 we
1511 3633 108 24 cannot

948 3677 88 28 think
1053 3685 44 18 we
1114 3684 79 19 were
1208 3675 87 27 made
1309 3677 33 25 to
1356 3673 89 32 bring
1460 3673 90 27 about
1565 3682 53 18 our

949 3728 66 20 own
1036 3718 211 28 annihilation.

988 3762 192 29 Somewhere
1197 3761 88 28 there
1302 3762 81 26 must
1401 3760 34 27 be
1454 3768 17 18 a
1489 3760 131 31 starting

950 3806 85 32 point
1051 3806 30 26 in
1099 3813 56 19 our
1170 3804 137 31 struggle
1322 3803 51 27 for
1387 3812 19 19 a
1420 3803 96 26 better
1531 3803 75 26 exist-

948 3857 80 20 ence.
1057 3848 29 27 If
1102 3855 56 19 our
1173 3855 104 19 career
1293 3854 114 18 women
1423 3853 52 20 are
1490 3845 114 32 destroy-

951 3893 51 31 ing
1016 3899 56 19 our
1086 3892 67 26 unit
1167 3890 34 27 of
1213 3889 124 32 society,
1352 3888 26 27 is
1392 3888 25 27 it
1430 3891 52 24 not
1495 3888 125 27 feasible

950 3936 67 26 that
1031 3934 105 27 liberal
1149 3932 159 28 education
1324 3933 24 26 is
1361 3939 18 19 a
1391 3939 72 25 very
1477 3931 143 32 plausible

952 3978 73 32 Step
1038 3976 31 28 16
1082 3977 27 27 It
1121 3977 26 27 is
1160 3984 41 25 up
1211 3977 31 27 to
1253 3983 58 26 you
1323 3975 59 27 and
1394 3982 46 19 me
1451 3974 59 27 and
1522 3974 39 27 all
1572 3973 50 27 the

950 4022 92 31 youth
1058 4020 34 28 of
1105 4020 92 32 today
1212 4021 33 25 to
1257 4019 70 32 give
1341 4019 25 27 it
1379 4027 19 19 a
1412 4018 62 26 fair
1489 4018 78 27 trial.

1333 4067 90 27 Sallie
1442 4067 140 26 Marlette

1689 1740 225 79 Loyola
1942 1737 325 66 Graduate
2293 1738 267 70 Escapes

1689 1828 170 60 From
1887 1826 266 61 German
2179 1825 210 60 Prison
2415 1822 201 74 Camp

2008 1912 36 26 By
2065 1911 176 22 MADELINE
2262 1911 125 21 MILLER

1696 1618 142 54 Ticom
1865 1622 158 70 (lamp
2049 1636 48 34 to
2121 1618 209 71 (ZampuS

1688 2392 140 31 supplies.

1814 2434 83 23 Polish
1921 2434 89 27 people
2032 2434 102 22 treated
2155 2441 31 15 us

1785 2471 31 23 he
1834 2470 146 22 continued.
2121 2477 65 20 gave

1686 2514 30 16 us
1729 2507 63 22 food
1805 2507 50 22 and
1870 2506 120 26 clothing.
2022 2507 46 21 We
2081 2506 106 22 weren't

1687 2542 74 28 given
1786 2545 44 19 too
1854 2543 72 21 much
1953 2542 59 22 food
2038 2543 25 21 in
2088 2542 98 25 Russia,

1686 2578 125 27 however,
1832 2585 29 15 as
1881 2578 42 22 the
1944 2578 122 22 Russians
2085 2577 48 22 live
2154 2584 32 15 on

1686 2622 14 14 a
1715 2621 62 21 very
1790 2614 90 27 simple
1894 2614 54 22 diet

1720 2657 52 22 The
1787 2656 145 23 lieutenant
1946 2663 52 15 was
2011 2663 119 16 overseas
2144 2656 43 22 for

1685 2695 51 20 two
1764 2699 76 20 years
1869 2692 25 22 in
1924 2692 78 26 Sicily
2030 2692 51 22 and
2110 2691 76 28 Italy,

1685 2729 85 23 where
1800 2729 31 22 he
1861 2735 54 15 was
1945 2728 131 27 captured.

1685 2765 89 26 longer
1790 2764 10 22 I
1816 2771 53 15 was
1883 2771 61 15 over
1959 2764 81 26 there,
2056 2764 43 22 the
2115 2770 71 15 more

1685 2801 10 22 I
1716 2801 166 27 appreciated
1901 2800 45 22 the
2096 2801 30 22 he
2148 2807 24 15 re-

1684 2836 113 24 marked.

1719 2873 95 22 Father
1844 2873 64 22 Butt
1936 2872 108 22 informs
2072 2879 29 15 us
2129 2871 57 23 that

1686 2910 154 22 Lieutenant
1858 2908 85 22 Elmer
1960 2915 52 15 was
2028 2914 50 16 one
2096 2907 29 22 of
2142 2907 44 22 the

1689 2948 67 19 most
1788 2944 167 26 outstanding
1988 2943 139 28 graduates
2160 2944 29 22 of

1687 2982 73 21 1939.
1805 2980 38 22 He
1877 2980 116 22 received
2019 2986 15 15 a
2068 2979 56 22 B.S.
2160 2979 25 22 in

1684 3017 157 22 Economics.
1874 3017 28 21 In
1917 3017 118 26 1940-41,
2049 3016 31 22 he
2093 3015 92 27 taught

1685 3054 25 21 in
1728 3053 43 23 the
1789 3053 74 25 night
1880 3052 92 22 school.
2009 3052 38 23 He
2063 3052 62 21 took
2142 3051 44 22 the

1685 3089 65 22 CPA
1766 3095 86 16 exams
1869 3091 28 20 at
1912 3089 42 21 the
1971 3094 47 21 age
2033 3089 31 21 of
2080 3088 40 26 19,
2135 3087 50 23 and

1684 3132 52 15 was
1758 3124 135 23 fortunate
1916 3123 99 27 enough
2037 3127 28 19 to
2086 3122 100 23 receive

1684 3167 15 15 a
1714 3160 140 23 condition.
1888 3160 36 22 At
1940 3160 41 26 20,
1998 3160 30 22 he
2044 3160 93 27 passed
2152 3166 33 15 on

1684 3198 38 21 his
1744 3196 94 23 second
1859 3196 117 27 attempt.
2016 3196 38 21 He
2073 3202 53 15 was
2147 3202 26 15 re-

1685 3232 132 28 markably
1842 3238 87 22 young
1951 3234 27 20 to
2003 3238 58 21 pass
2084 3232 63 22 such
2170 3238 16 15 a

1684 3271 58 24 test,
1761 3268 94 24 Father
1873 3268 64 22 Butt
1951 3275 66 19 says.

1718 3304 78 23 After
1809 3304 38 22 his
1861 3304 31 22 60
1907 3304 48 26 day
1968 3303 130 27 furlough,
2112 3303 59 23 Lieu-

1684 3343 92 21 tenant
1799 3340 88 23 Elmer
1909 3339 50 23 will
1982 3347 32 20 go
2038 3343 27 20 to
2089 3338 94 27 Miami,

1684 3377 60 26 Fla.,
1763 3377 43 22 for
1824 3376 205 27 re-assignment.

1753 3449 40 21 Lt.
1827 3447 84 23 Frank
1942 3447 117 22 Carriere
2092 3447 57 22 tells

1719 3485 47 22 Mr.
1782 3486 65 21 Carr
1863 3484 56 22 tbat
1935 3484 31 21 he
1982 3489 74 20 spent
2072 3492 76 13 seven

1718 3521 63 26 days
1812 3525 26 17 at
1870 3520 42 21 the
1943 3520 147 25 University
2120 3519 28 22 of

1719 3558 70 21 Paris
1811 3556 135 26 attending
1966 3564 16 13 a
2001 3556 86 21 school
2107 3555 43 21 for

1717 3602 73 18 army
1808 3592 168 22 information
1993 3591 50 22 and
2059 3591 75 22 educa-

1719 3631 54 20 tion
1790 3629 118 22 officers.
2002 3630 20 20 is
2040 3627 34 22 all
2091 3631 57 22 part

1719 3666 29 21 of
1766 3674 15 13 a
1799 3672 119 19 program
1938 3663 27 22 of
1984 3663 165 25 establishing

1722 3701 99 23 schools
1837 3702 41 21 for
1893 3700 105 22 soldiers
2011 3700 70 21 after
2096 3699 55 21 V-E

1810 3738 30 21 he
1856 3737 93 21 writes.
2024 3736 49 21 this
2090 3743 60 18 goes

1720 3773 118 26 through,
1860 3772 90 22 before
1971 3772 67 26 long,
2061 3771 37 21 I'll
2119 3770 31 22 be

1720 3810 64 21 back
1806 3810 27 20 in
1856 3808 43 21 the
1922 3807 87 21 school
2032 3806 118 26 teaching

1719 3845 116 22 business

1720 3917 54 28 Cpl.
1801 3917 116 27 Gregory
1941 3915 96 27 Joseph
2063 3915 32 22 M.
2122 3915 48 21 Bur-

1684 3954 102 27 guieres
1802 3955 21 21 is
1838 3951 109 24 entitled
1961 3953 27 21 to
2004 3957 68 15 wear
2087 3957 33 15 no
2136 3950 50 22 less

1684 3991 62 21 than
1766 3990 39 22 six
1824 3988 81 23 battle
1925 3989 67 21 stars
2010 3994 33 16 on
2065 3987 37 22 his
2121 3992 48 16 cam-

1685 4027 76 27 paign
1794 4025 113 23 ribbons.
1950 4024 36 21 As
2018 4024 168 25 paratrooper

1684 4063 50 21 and
1748 4062 84 26 glider
1844 4061 78 22 borne
1937 4063 110 23 trooper,
2061 4059 30 21 he
2104 4065 82 15 wears

1684 4101 50 20 two
1754 4099 53 21 sets
1826 4096 29 22 of
1875 4096 87 25 wings.
1999 4095 38 22 He
2057 4095 46 21 has
2120 4094 65 22 been

1684 4135 26 22 in
1739 4133 33 24 all
1800 4132 85 28 major
1912 4130 147 28 campaigns
2087 4130 28 22 of
2142 4130 44 21 the

1685 4171 137 26 European
1851 4168 103 23 theater
1982 4167 29 22 of
2038 4165 148 28 operations

1684 4207 61 22 with
1783 4205 45 23 the
1866 4204 134 26 exception
2037 4203 31 22 of
2103 4201 83 23 North

1684 4243 99 22 Africa.
1815 4241 39 22 He
1866 4241 45 22 has
1923 4240 77 21 taken
2013 4239 58 26 part
2081 4237 25 22 in
2120 4243 50 16 cam-

1686 4279 91 27 paigns
1793 4278 25 22 in
1836 4276 85 27 Sicily,
1939 4275 73 27 Italy,
2030 4273 156 27 Normandy,

1686 4314 124 27 Belgium,
1838 4311 187 26 Luxembourg,
2052 4309 42 22 the
2123 4310 63 21 Saar

1690 4352 77 22 Basin
1782 4349 50 24 and
1845 4349 43 22 the
1903 4348 77 22 Ruhr.

1878 4384 21 13 .
1982 4383 11 13 *

1719 4423 107 21 Former
1851 4420 106 22 Maroon
1984 4420 86 25 sports
2095 4417 90 25 editor,

1685 4459 54 22 Pvt.
1756 4458 55 22 Ade
1827 4457 90 25 Bodet,
1932 4455 70 22 after
2016 4454 54 21 five
2085 4452 101 23 months

1684 4493 26 24 fn
1722 4495 44 21 the
1778 4500 80 19 army,
1872 4493 21 21 is
1904 4497 56 16 now
1971 4497 127 16 overseas.
2110 4489 75 22 From

1684 4537 83 20 sunny
1781 4529 75 26 Italy,
1871 4528 32 22 he
1915 4526 84 23 writes
2011 4528 27 20 to
2051 4524 135 23 Professor

1684 4566 96 24 Telfel:
1927 4563 59 22 isn't
1999 4568 15 16 a
2026 4568 71 16 more
2110 4561 61 22 beau-

1687 4603 63 22 tiful
1769 4602 168 26 sighteven
1958 4600 24 21 in
2002 4598 42 22 the
2066 4597 121 22 States

1684 4639 61 22 than
1761 4637 44 22 the
1819 4635 128 23 beautiful
1963 4635 109 25 country
2087 4631 99 24 around

1685 4675 60 22 here
1746 4672 136 27 mighty
1903 4669 153 26 mountains,
2080 4668 106 25 flowing

1684 4710 77 23 fields
1772 4708 50 24 and
1835 4713 136 16 enormous
1982 4707 105 24 craters,
2098 4706 74 20 natur-

1684 4747 24 21 al
1724 4745 51 23 and
1791 4743 116 24 bombed.
1942 4742 51 22 The
2010 4747 71 16 snow
2097 4740 21 22 is
2133 4739 53 23 still

1684 4784 62 27 atop
1759 4787 70 17 some
1843 4779 29 22 of
1885 4778 42 22 the
1941 4777 76 23 taller
2029 4775 156 24 mountains.

1767 4822 54 17 saw
1839 4814 104 29 Naples,
1964 4812 112 27 Pompeii
2098 4812 24 22 in
2142 4811 44 22 the

1688 4855 123 25 distance,
1822 4851 51 24 and
1886 4850 90 23 Mount
1987 4847 134 27 VesuYiui,
2133 4845 54 25 also

2037 1954 70 27 Just
2119 1953 75 27 back
2207 1953 80 26 from
2301 1961 17 18 a
2331 1953 75 26 little
2419 1961 71 18 over
2502 1961 17 18 a
2532 1951 96 33 year's
2641 1953 67 30 stay

1983 1991 27 25 in
2036 1999 18 17 a
2080 1989 130 27 German
2237 1989 102 32 prison
2364 1997 95 23 camp,
2487 1988 43 27 Lt.
2556 1988 152 32 Alphonse

1980 2027 100 26 Elmer
2094 2026 108 27 visited
2216 2026 51 27 the
2280 2032 122 25 campus
2417 2025 138 31 Monday.
2590 2024 44 26 He
2648 2024 59 26 and

1981 2063 55 25 400
2062 2062 89 26 other
2174 2061 155 32 prisoners
2356 2061 124 32 escaped
2506 2060 91 28 about
2622 2060 85 27 three

1980 2099 117 26 months
2110 2106 58 23 ago
2179 2098 85 26 when
2276 2105 18 19 a
2306 2097 125 27 number
2443 2097 32 26 of
2486 2097 80 26 their
2577 2097 130 26 German

1979 2135 112 30 guards
2108 2142 77 19 were
2202 2136 67 24 sent
2285 2136 31 24 to
2333 2133 109 27 defend
2459 2133 50 27 the
2526 2132 84 27 small
2627 2134 80 25 town

1980 2170 120 31 against
2122 2170 51 27 the
2196 2170 207 32 approaching
2428 2170 153 26 Russians.
2627 2169 81 31 They

1980 2209 78 24 went
2076 2209 32 24 to
2125 2206 121 31 Poland,
2265 2209 30 24 to
2314 2205 117 31 Russia,
2450 2206 58 26 and
2526 2205 79 26 from
2623 2204 84 27 there

1981 2242 68 32 they
2069 2250 83 19 came
2168 2242 75 26 back
2261 2244 32 25 to
2310 2242 50 27 the
2379 2242 109 27 States.

2038 2279 100 25 Asked
2163 2278 92 26 about
2279 2278 168 26 conditions
2474 2278 29 25 in
2529 2277 51 26 the
2605 2277 102 31 prison

1981 2323 93 23 camp,
2096 2314 179 27 Lieutenant
2295 2314 101 26 Elmer
2416 2314 73 29 said,
2630 2320 78 19 were

1981 2351 53 26 OK
2071 2359 33 18 as
2133 2350 69 31 long
2230 2358 33 18 as
2292 2358 44 18 we
2365 2349 133 27 received
2528 2349 61 27 Red
2618 2349 90 27 Cross

2209 2428 43 21 the
2270 2427 86 22 Castle
2373 2427 29 22 of
2421 2429 35 22 St.
2475 2427 83 27 Elmo;
2576 2428 43 22 the
2636 2427 72 27 royal

2211 2464 96 27 palace,
2330 2464 80 21 which
2434 2464 21 22 is
2477 2470 57 16 now
2556 2464 24 22 in
2603 2464 107 22 ruins

2211 2500 91 21 thanks
2313 2502 28 19 to
2352 2499 44 22 the
2409 2500 209 22 Germansand
2631 2506 15 15 a
2657 2499 52 23 few

2210 2537 30 21 of
2254 2536 43 21 the
2314 2536 49 22 200
2380 2535 127 22 beautiful
2522 2536 123 21 churches
2660 2536 49 22 and

2211 2571 102 26 chapels
2335 2571 81 22 which
2439 2577 66 16 were
2529 2570 33 23 all
2585 2570 123 23 Catholic.

2210 2607 54 22 The
2287 2606 137 23 Cathedral
2447 2607 31 22 of
2501 2607 37 23 St.
2562 2607 146 26 Januarius,

2209 2642 44 23 the
2267 2641 108 28 original
2388 2642 84 23 Jesuit
2484 2642 66 23 built
2562 2642 147 28 University

2210 2679 30 22 of
2267 2679 103 27 Naples,
2400 2679 50 22 and
2479 2679 43 23 the
2551 2679 51 22 San
2634 2678 75 23 Carlo

2210 2716 84 25 Opera
2321 2715 79 21 house
2428 2721 66 16 were
2522 2714 74 23 other
2624 2714 85 27 points

2209 2752 30 22 of

2245 2787 54 22 Ade
2315 2794 81 15 seems
2412 2789 27 20 to
2456 2787 31 23 be
2503 2786 103 24 amazed
2623 2789 27 20 at
2666 2787 43 22 the

2211 2829 76 21 many
2313 2823 127 23 different
2465 2825 75 25 types
2563 2823 31 22 of
2619 2823 90 27 people

2210 2860 31 22 he
2261 2859 45 22 has
2324 2862 54 19 met
2396 2859 69 23 since
2484 2859 31 22 he
2535 2859 49 22 left
2604 2859 103 26 college,

2210 2895 47 22 but
2281 2901 59 21 says
2364 2895 55 22 that
2446 2895 30 22 he
2501 2895 124 22 wouldn't
2649 2895 59 22 take

2211 2931 126 27 anything
2363 2931 43 23 for
2432 2932 42 22 the
2501 2931 151 27 experience
2678 2930 31 23 he

2210 2967 46 22 has
2273 2967 57 22 had.

2505 3003 12 13 *

2285 3039 72 22 From
2379 3040 97 26 Corpus
2496 3039 101 25 Christi,
2617 3039 60 21 Tex.

2250 3077 38 22 Lt.
2328 3077 107 22 Edward
2473 3078 81 21 Hable
2591 3078 86 20 writes

2245 3114 94 21 Father
2352 3113 72 22 Butt:
2481 3113 73 21 know
2567 3113 56 22 that
2637 3113 38 21 I'll

2245 3158 31 18 go
2291 3150 65 21 back
2372 3157 62 14 over
2449 3150 84 26 again,
2548 3149 62 28 only
2625 3149 50 22 this

2244 3187 61 21 time
2321 3187 20 20 it
2356 3186 50 21 will
2422 3186 32 21 be
2468 3188 44 20 out
2529 3187 25 20 in
2570 3185 42 22 the
2628 3185 31 21 Pa-

2244 3221 59 22 cific
2324 3221 162 22 somewhere.
2508 3222 43 26 My
2571 3225 104 23 present

2244 3257 84 22 duties
2358 3265 45 14 are
2436 3261 43 17 too
2511 3257 109 27 perfect.
2665 3256 8 21 I

2243 3293 70 22 don't
2327 3303 42 12 see
2383 3294 55 21 how
2453 3294 9 21 I
2476 3293 124 22 deserved
2613 3293 61 22 such

2242 3338 16 13 a
2271 3330 143 21 wonderful
2626 3345 6 6 .
2646 3345 6 6 .
2667 3345 6 6 .

2243 3366 38 21 Lt.
2301 3365 101 23 Palmer
2418 3366 172 26 Quarterman
2609 3367 20 20 is
2647 3366 26 21 in

2242 3402 105 25 France,
2369 3403 78 26 doing
2469 3402 204 22 administrative

2242 3439 77 25 work,
2342 3438 50 21 and
2413 3447 82 13 seems
2517 3442 26 17 to
2564 3438 31 22 be
2617 3437 55 22 well

2242 3474 127 22 satisfied.

2242 3547 67 22 With
2324 3547 42 22 the
2384 3547 59 22 11th
2458 3547 117 22 armored
2589 3547 116 25 division,

2208 3583 55 24 T/2
2288 3583 63 22 Tom
2379 3583 135 25 Dieringer
2539 3584 115 21 remarks
2679 3585 28 20 to

2208 3619 94 22 Father
2321 3620 63 21 Butt
2402 3619 56 22 that
2474 3619 44 22 the
2535 3625 57 21 way
2611 3619 80 22 Ameri-

2208 3663 46 14 can
2269 3655 107 22 soldiers
2391 3662 31 20 go
2438 3654 69 23 after
2522 3655 62 22 Nazi
2600 3662 91 15 souven-

2208 3691 42 27 irs,
2270 3697 49 16 one
2337 3690 84 23 would
2440 3691 72 22 think
2531 3690 100 28 Adolph
2651 3690 42 23 Hit-

2208 3727 38 22 ler
2264 3734 52 15 was
2336 3734 27 14 as
2384 3726 107 27 popular
2510 3727 60 22 with
2590 3727 68 22 them
2679 3734 28 15 as

2207 3763 60 22 with
2283 3762 43 24 the
2342 3763 110 22 German
2468 3762 97 28 people.
2599 3762 38 22 He
2653 3762 53 22 also

2208 3799 87 22 claims
2317 3799 57 22 that
2394 3800 43 22 the
2459 3798 62 23 Nazi
2542 3799 100 22 leaders
2662 3805 44 16 are

2209 3834 101 26 driving
2335 3835 53 22 God
2411 3834 68 22 from
2501 3834 44 22 the
2567 3834 89 22 hearts
2679 3833 29 23 of

2208 3871 44 22 the
2268 3870 96 27 people.
2426 3870 102 23 noticed
2544 3871 57 22 that
2615 3869 32 27 by
2664 3870 42 22 the

2208 3907 97 26 change
2328 3908 29 21 of
2379 3906 42 22 the
2443 3906 99 22 French
2563 3906 88 27 slogan
2673 3912 33 16 on

2208 3943 67 22 their
2285 3942 56 23 coin
2354 3949 67 20 upon
2435 3943 109 22 German
2555 3941 151 28 occupation

2209 3978 29 22 of
2403 3978 30 22 he
2456 3985 64 20 says.
2585 3978 121 27 'Liberty,

2210 4014 121 28 equality,
2374 4014 50 22 and
2467 4014 148 27 fraternity'
2656 4021 52 15 was

2209 4050 115 27 changed
2355 4053 26 19 to
2411 4050 85 27 'work,
2529 4050 98 27 family,
2658 4049 50 23 and

2209 4086 151 27 country.'"

2452 4129 12 13 *

2280 4165 64 21 Seen
2357 4174 34 13 on
2404 4165 42 21 the
2460 4173 103 18 campus
2576 4168 85 18 recent-

2244 4200 26 28 ly
2291 4209 50 13 was
2363 4201 55 22 Pfc.
2439 4200 94 23 Gerald
2555 4199 119 26 Guidros,

2246 4237 106 21 Maroon
2372 4241 116 22 reporter
2507 4237 29 21 of
2556 4238 119 20 1943-44.

2246 4272 78 22 After
2344 4281 14 13 a
2380 4272 93 27 15-day
2494 4271 129 27 furlough,
2643 4271 32 21 he

2244 4309 51 21 will
2309 4313 89 17 return
2413 4313 27 17 to
2456 4308 60 21 Fort
2531 4307 53 25 Sill,
2600 4307 60 22 Okla-

2245 4344 74 21 homa
2335 4344 84 21 where
2435 4344 33 21 he
2483 4343 51 22 will
2551 4342 125 27 complete

2246 4380 38 22 his
2308 4381 111 24 training
2443 4381 25 21 in
2493 4379 183 25 meteorology.

2246 4416 38 21 He
2301 4415 117 22 received
2434 4415 68 22 basic
2520 4415 112 25 training
2650 4414 25 21 in

2245 4452 72 22 radio
2334 4452 142 25 operation,
2495 4450 71 23 radio
2583 4450 92 26 repair,

2245 4486 51 22 and
2314 4487 65 22 field
2396 4486 125 26 artillery.

2507 4523 11 12 *

2247 4560 53 21 Pvt.
2326 4559 48 22 Pat
2398 4557 114 23 Mitchell
2535 4557 21 22 is
2579 4556 82 27 really
2684 4556 26 22 in

2212 4596 43 22 the
2280 4595 69 22 thick
2374 4595 31 22 of
2428 4601 54 15 war
2505 4592 155 24 somewhere
2684 4591 26 23 in

2211 4631 135 26 Germany,
2360 4630 46 22 but
2418 4630 30 21 he
2461 4629 84 22 would
2556 4629 89 22 rather
2656 4627 54 23 talk

2210 4667 79 23 about
2303 4667 106 22 France.
2425 4666 29 23 In
2468 4672 49 15 one
2531 4663 65 23 little
2611 4662 99 24 French

2211 4705 69 20 town
2306 4702 31 22 he
2364 4708 66 21 says,
2457 4701 44 22 the
2528 4700 89 28 people
2643 4705 67 16 were

2210 4739 81 27 really
2311 4738 69 22 swell
2401 4740 27 20 to
2448 4737 76 24 them.
2646 4741 64 21 gave

2210 4773 98 24 several
2345 4774 93 22 dances
2471 4772 43 23 for
2678 4770 32 23 he

2209 4811 94 26 writes,
2416 4815 51 21 you
2489 4807 90 23 should
2601 4813 44 16 see
2665 4806 45 23 the

2209 4846 99 22 French
2331 4845 89 28 people
2443 4843 177 27 dancethey
2642 4849 67 16 seem

2736 3769 121 23 numbers
2879 3770 61 21 with
2963 3770 125 21 fanatical
3113 3770 120 26 religious

2735 3805 96 22 fervor.
2849 3805 85 26 Come,
2951 3806 22 26 7,

2926 3841 13 13 *

2771 3877 86 22 We've
2873 3876 34 23 all
2922 3877 168 27 experienced
3106 3876 43 24 the
3166 3877 55 22 fear-

2730 3915 27 19 to
2771 3913 57 26 just
2841 3912 99 23 bounce
2955 3919 34 20 up
3003 3912 50 23 and
3068 3913 81 22 down.
3163 3913 52 27 Any-

2730 3954 64 22 way,
2812 3948 61 27 they
2889 3954 67 16 were
2973 3948 81 28 really
3070 3955 73 21 sorry
3159 3948 73 22 when

2731 3992 38 15 we
2792 3984 49 22 had
2867 3986 26 20 to
2916 3984 71 22 leave
3011 3984 133 22 themso
3166 3991 66 15 were

2731 4026 45 20 we,
2795 4020 43 22 for
2854 4020 58 22 that

2806 4092 23 21 A
2854 4092 98 22 former
2975 4091 106 22 student
3103 4092 29 21 of
3157 4091 43 22 the

2774 4128 71 24 night
2869 4126 94 26 school,
2989 4129 39 20 Ist
3052 4128 39 21 Lt.
3116 4127 84 25 Edgar

2774 4164 155 22 Emmanuel,
2949 4164 77 23 Army
3045 4164 46 21 Air
3109 4163 92 22 Forces

2772 4198 72 26 pilot,
2862 4206 51 13 was
2931 4197 78 22 killed
3027 4200 26 20 in
3072 4199 129 25 Germany

2772 4242 33 14 on
2838 4235 91 22 Easter
2962 4233 112 27 Sunday.
3108 4235 95 22 Father

2773 4269 62 22 Butt
2868 4278 52 14 was
2953 4269 111 23 notified
3096 4272 29 21 of
3160 4271 41 20 the

2771 4305 77 22 death
2861 4306 33 26 by
2907 4307 38 21 his
2957 4306 108 21 mother.

2731 321 217 75 Watch
2976 333 154 61 Your
3158 332 123 61 Use
3308 325 88 66 Of
3423 321 241 73 Words,

2733 416 160 77 They
2919 416 186 61 Mean
3130 413 53 61 A
3210 415 107 61 Lot
3339 410 368 64 Sometimes

3030 504 36 24 By
3084 503 156 21 LEONORE
3256 501 189 23 GUTIERREZ

2727 202 272 75 DnfjotmaL
3036 200 140 75 Dnfoo

2772 547 120 32 Having
2924 546 144 33 skillfully
3101 545 104 27 eluded
3238 545 113 27 several
3386 544 74 26 little

2733 591 67 20 men
2822 584 30 26 in
2873 583 91 26 white
2984 582 66 26 who
3070 582 76 26 have
3166 581 72 27 been
3259 581 147 32 pursuing
3427 587 33 19 us

2733 621 81 25 since
2827 628 54 18 our
2894 619 136 27 transfer
3043 626 109 24 papers
3166 619 30 25 to
3212 618 42 26 De
3268 617 99 27 Paul's
3383 618 77 24 went

2733 656 139 31 through,
2892 663 42 18 we
2953 654 101 33 finally
3073 654 68 27 seek
3160 653 106 32 refuge
3284 654 31 26 in
3332 653 51 27 the
3400 654 45 25 tor-

2733 694 65 24 ture
2820 691 140 27 chamber
2983 691 116 30 known,
3122 690 49 27 for
3193 697 144 25 purposes
3359 689 33 27 of
3412 688 32 26 de-

2733 728 126 31 ception,
2881 736 33 19 as
2936 727 61 26 The
3019 727 124 26 Maroon
3165 733 174 19 newsroom.
3371 724 89 27 After

2733 763 144 32 carefully
2896 763 141 32 avoiding
3055 763 50 27 the
3123 762 194 32 booby-traps
3333 760 127 33 planned

2733 800 48 26 for
2798 800 213 31 unsuspecting
3024 799 122 26 visitors
3160 799 58 27 and
3232 798 162 31 threading
3407 804 53 19 our

2733 844 65 23 way
2819 843 108 24 among
2946 835 50 27 the
3016 834 131 28 remains
3167 834 33 27 of
3218 834 84 27 those
3323 834 120 26 unfortu-

2734 873 85 25 nates
2837 872 66 25 who
2919 872 176 26 succumbed
3112 871 59 26 last
3186 870 82 27 week
3284 878 34 18 as
3334 879 17 19 a
3368 868 92 27 result

2733 906 33 28 of
2798 907 50 26 the
2881 907 230 31 pandemonium
3144 906 96 27 which
3273 906 122 31 reigned
3427 913 33 18 as

2733 943 128 27 staffers
2884 943 78 26 tried
2982 945 31 25 to
3035 945 78 25 meet
3135 943 78 26 their
3234 942 161 30 deadlines,
3416 949 44 18 we

2733 978 98 27 shovel
2849 979 51 26 the
2916 978 152 27 collection
3085 979 33 26 of
3135 978 99 27 debris
3251 978 42 27 off
3307 986 55 18 our
3378 980 66 29 type-

2733 1016 87 22 writer
2833 1016 49 22 and
2897 1017 39 20 set
2949 1016 79 21 about
3042 1016 43 22 the
3100 1015 115 22 intermin-

2733 1052 56 22 able
2809 1051 57 22 task
2886 1052 29 21 of
2936 1051 148 26 presenting
3104 1052 42 21 for
3166 1057 63 20 your

2733 1088 150 22 edification
2903 1088 50 21 and
2975 1087 96 25 delight
3091 1086 43 23 the
3155 1093 74 20 many

2733 1124 123 26 poignant
2892 1123 49 23 and
2981 1122 144 27 ponderous
3162 1123 67 21 facta

2733 1160 59 22 with
2811 1159 80 22 which
2910 1165 47 16 our
2975 1159 140 22 illustrious
3135 1158 94 23 editors

2733 1195 139 22 somewhat
2890 1194 155 27 reluctantly
3065 1194 74 23 allow
3156 1200 29 16 us
3204 1197 25 19 to

2734 1232 119 22 decorate
2868 1238 32 15 an
2915 1231 135 22 otherwise
3065 1230 76 23 blank
3156 1236 73 20 space

2769 1339 79 23 Other
2864 1339 84 25 things
2963 1346 78 18 come,
3057 1337 73 23 other
3145 1337 86 27 things

2733 1382 41 21 go,
2786 1375 45 22 but
2844 1375 124 22 Informal
2981 1374 58 22 Info
3052 1374 134 23 continues
3198 1381 32 14 on

2734 1412 49 22 and
2803 1418 40 19 on,
2861 1410 121 26 reaching
3001 1417 65 19 your
3083 1416 59 20 eyes
3161 1408 70 23 week

2734 1447 70 22 after
2815 1447 79 26 week,
2906 1447 71 22 after
2990 1446 161 27 undergoing
3161 1446 70 22 cruel

2735 1482 145 23 mutilation
2894 1485 27 20 at
2934 1482 42 22 the
2990 1482 80 21 hands
3083 1482 30 22 of
3124 1489 16 15 a
3152 1487 64 16 news-

2735 1525 79 21 paper
2834 1518 125 28 assembly
2980 1518 50 22 line
3052 1519 28 21 of
3101 1517 130 23 editors

2735 1555 140 25 executive,
2893 1554 144 26 managing,
3055 1560 75 19 news,
3147 1553 68 22 make-

2736 1596 179 22 upcensors,
2941 1591 77 26 proof
3043 1589 112 25 readers,
3181 1590 50 22 and

2735 1627 68 22 what
2831 1626 63 22 have
2923 1632 57 20 you.
3019 1625 51 22 The
3100 1624 131 27 following

2736 1662 156 27 paragraphs
2908 1664 132 24 represent
3057 1662 42 21 the
3113 1661 118 26 mangled

2736 1698 117 25 remains,
2870 1705 28 14 or
2914 1697 66 22 what
2996 1697 97 27 slipped
3110 1697 32 27 by
3158 1696 73 22 while

2735 1734 61 27 they
2813 1734 49 22 had
2881 1734 66 22 their
2965 1733 77 23 backs
3060 1733 101 23 turned.

2977 1776 12 13 *

2806 1812 97 23 What'*
2924 1814 23 20 in
2969 1822 15 12 a
3005 1811 86 23 word?
3120 1812 77 22 Sallie

2771 1849 121 21 Marlette
2903 1849 61 21 calls
2976 1853 26 17 to
3015 1848 42 22 the
3069 1849 128 21 attention

2770 1886 29 20 of
2814 1885 48 21 this
2875 1884 136 21 columnist
3024 1894 15 12 a
3053 1884 51 22 tale
3117 1883 80 22 which

2771 1928 89 18 proves
2881 1921 55 21 that
2958 1928 50 14 one
3029 1920 168 21 wordeven

2770 1956 62 25 half,
2849 1958 26 20 in
2893 1965 56 12 case
2968 1956 40 21 it's
3027 1955 169 27 hyphenated,

2770 2000 82 14 can
2865 1992 71 21 make
2951 2000 68 14 more
3033 1992 60 22 than
3104 2000 15 13 a
3132 1992 65 21 little

2770 2028 155 21 difference.

2770 2064 144 25 According
2927 2065 26 21 to
2966 2063 50 23 this
3030 2064 97 25 article,
3142 2065 30 21 he
3184 2063 21 22 is
3218 2071 14 15 a

2735 2107 61 19 very
2816 2099 74 27 good,
2910 2099 94 27 gentle,
3025 2099 45 22 but
3091 2099 140 27 unworldly

2736 2135 120 26 religious
2870 2136 123 25 superior.
3008 2136 112 21 Because
3135 2136 31 21 he
3181 2142 52 15 was

2737 2172 61 21 born
2812 2171 24 22 in
2848 2171 110 22 another
2969 2171 67 25 land,
3049 2171 38 22 his
3099 2170 133 23 command

2736 2209 29 21 of
2786 2207 103 27 English
2911 2207 145 22 sometimes
3077 2207 45 22 has
3142 2215 15 15 a
3177 2214 55 19 way

2737 2244 28 20 of
2786 2243 109 27 slipping
2915 2243 49 22 and
2986 2242 99 28 sliding.
3108 2243 33 22 So
3160 2242 72 22 when

2736 2280 30 21 he
2785 2279 134 27 explained
2936 2281 27 20 to
2981 2279 43 22 the
3041 2286 86 19 young
3144 2279 89 22 novice

2731 2314 43 22 the
2787 2314 123 27 itinerary
2923 2314 29 22 of
2964 2314 44 22 the
3019 2314 110 28 journey
3141 2314 90 26 ahead,

2738 2352 29 21 he
2782 2351 133 26 explained
2930 2351 20 22 it
2965 2351 25 22 in
3006 2351 50 22 this
3070 2357 67 20 way:

2870 2386 60 22 here
2949 2386 21 22 is
2990 2393 64 20 your
3073 2386 87 22 ticket.
3181 2386 52 22 The

2737 2423 50 26 trip
2803 2423 21 21 is
2842 2429 61 21 very
2919 2423 97 26 simple.
3034 2423 55 22 You
3107 2422 50 22 will
3173 2422 60 22 take

2737 2458 43 22 the
2802 2459 67 21 train
2892 2458 101 26 tonight
3015 2459 49 21 and
3088 2458 97 27 change
3208 2458 25 22 in

2738 2494 137 22 Cleveland
2888 2496 144 20 tomorrow.
3046 2493 69 23 Then
3129 2501 50 19 you
3190 2496 44 24 get

2737 2531 27 20 to
2789 2529 61 22 New
2874 2529 75 22 York.
2975 2530 66 21 That
3064 2530 21 21 is
3108 2530 43 21 the
3175 2529 58 26 only

2739 2565 70 27 place
2828 2565 84 22 where
2932 2572 48 19 you
3002 2565 50 22 will
3074 2565 62 22 have
3157 2568 27 19 to
3203 2565 31 22 be

2733 2601 108 22 careful.
2881 2601 82 22 There
2986 2601 49 22 will
3057 2601 31 22 be
3110 2608 32 15 no
3164 2601 68 22 train

2734 2635 42 23 for
2794 2644 15 14 a
2826 2636 82 27 while,
2927 2644 27 15 so
2974 2636 23 22 in
3016 2637 62 22 New
3096 2638 68 21 York
3181 2643 51 20 you

2733 2673 49 21 will
2803 2673 62 22 have
2884 2672 69 28 quite
2974 2680 15 15 a

2808 2751 42 21 Dr.
2878 2752 52 20 Lall
2957 2752 29 21 G.
3014 2752 185 26 Montgomery,

2769 2786 129 22 chairman
2930 2787 28 22 of
2989 2788 42 20 the
3062 2787 78 22 board
3170 2788 29 21 of

2769 2823 110 26 registry
2894 2823 31 22 of
2942 2821 43 23 the
3002 2823 135 22 American
3156 2824 29 21 So-

2768 2860 68 24 ciety
2861 2859 29 21 of
2916 2859 107 22 Clinical
3049 2859 150 26 Pathology,

2773 2903 57 18 says
2850 2895 55 21 that
2925 2904 85 17 young
3030 2895 61 26 girls
3111 2903 75 18 appar-

2773 2931 71 27 ently
2862 2931 71 22 think
2950 2932 29 21 of
2996 2932 50 22 him
3064 2940 27 13 as
3109 2940 15 13 a
3140 2930 61 23 kind

2772 2968 30 20 of
2825 2967 64 21 male
2911 2968 101 20 version
3035 2968 28 21 of
3085 2967 116 26 Dorothy

2773 3003 57 21 Dix.
2855 3003 37 21 He
2916 3004 20 20 is
2958 3003 77 22 taken
3059 3004 54 20 into
3135 3003 67 21 their

2773 3038 152 22 confidence
2938 3048 32 12 on
2984 3038 84 27 highly
3083 3039 118 26 personal

2774 3079 113 21 matters,
2905 3075 58 24 and,
2981 3076 43 21 for
3040 3075 122 25 example,
3180 3076 21 21 is

2773 3109 74 22 often
2870 3110 81 22 called
2975 3120 67 17 upon
3066 3115 26 17 to
3114 3111 87 21 advise

2772 3155 15 14 a
2798 3147 49 25 girl
2858 3147 80 21 whom
2950 3147 44 22 she
3005 3147 90 22 should
3107 3155 93 18 marry.

2868 3182 42 21 the
2936 3188 66 16 most
3028 3183 109 21 unusual
3162 3191 26 13 re-

2885 3219 31 22 he
2928 3219 92 25 smiles,
3132 3219 68 22 from

2772 3264 15 12 a
2800 3263 84 17 young
2898 3254 58 26 lady
2969 3255 56 21 who
3040 3260 78 16 wrote
3132 3264 40 13 me
3185 3264 16 13 a

2772 3295 60 17 note
2847 3291 113 26 reading,
2976 3291 97 22 'Please
3086 3292 73 21 write
3174 3296 26 17 to

2773 3335 41 17 my
2826 3326 130 26 employer
2969 3327 50 21 and
3033 3327 44 21 tell
3091 3328 50 20 him
3155 3331 45 17 not

2772 3366 26 18 to
2816 3363 48 21 call
2883 3371 38 14 me
2940 3363 118 26 Maggie.'

2975 3398 12 13 *
3028 3399 12 13 *

2772 3435 98 27 During
2884 3442 14 15 a
2912 3435 140 22 discussion
3067 3442 32 15 on
3113 3435 108 27 supersti-

2732 3469 74 27 tions,
2826 3470 96 22 Father
2943 3470 135 23 O'Connor
3097 3471 134 22 remarked

2736 3506 56 23 that
2810 3507 135 22 reference
2964 3506 120 23 numbers
3102 3513 44 16 are
3165 3507 56 27 play-

2736 3542 43 26 ing
2794 3550 32 15 an
2842 3542 141 26 important
2998 3545 59 24 part
3071 3543 25 22 in
3112 3543 43 22 the
3170 3542 63 23 lives

2737 3579 28 22 of
2785 3585 32 16 an
2840 3578 216 27 ever-increasing
3077 3578 108 23 number
3206 3578 28 23 of

2737 3614 95 26 people.
3019 3615 31 21 he
3069 3621 66 20 says,
3212 3615 22 21 is

2736 3651 45 21 not
2799 3656 150 16 uncommon
2969 3653 27 19 to
3013 3657 43 15 see
3074 3658 14 14 a
3107 3656 81 21 group
3205 3650 29 22 of

2737 3685 89 27 people
2852 3693 31 15 on
2909 3685 67 23 their
3002 3686 85 26 knees,
3114 3685 120 28 shouting

3453 1057 97 25 feeling
3562 1056 79 21 which
3655 1062 81 16 accom-

3257 1095 87 26 panies
3361 1094 43 22 the
3422 1094 60 22 first
3499 1093 51 21 few
3566 1091 83 22 weeks
3666 1098 27 15 as
3710 1098 28 14 en-

3257 1130 85 26 tering
3373 1129 138 23 freshmen.
3545 1129 50 21 But
3627 1127 50 23 few
3710 1134 28 15 en-

3257 1168 107 20 counter
3388 1166 41 22 the
3454 1164 152 27 mysterious
3629 1163 122 22 situation

3256 1202 80 21 which
3356 1201 153 23 confronted
3530 1199 129 23 Maebress
3678 1199 73 22 Nami

3257 1238 50 22 and
3322 1238 138 26 Rosemary
3474 1236 112 26 Marphis
3600 1236 49 21 last
3664 1235 46 21 fall
3725 1242 27 15 as

3257 1274 61 26 they
3330 1273 140 27 proceeded
3485 1274 26 20 to
3527 1272 73 22 make
3615 1272 42 22 the
3672 1271 80 22 Music

3257 1309 85 23 school
3357 1310 66 22 their
3438 1316 55 15 new
3506 1308 81 22 home.
3604 1306 149 26 Something

3257 1352 51 15 was
3329 1352 93 19 wrong.
3445 1344 37 22 No
3502 1350 48 15 one
3570 1344 28 21 of
3619 1343 42 22 the
3682 1343 71 22 older

3257 1381 117 23 students
3394 1382 99 21 seemed
3512 1382 27 19 to
3558 1379 84 22 notice
3660 1379 28 26 it,
3707 1378 47 22 but

3257 1418 145 20 sometimes
3425 1417 42 22 for
3490 1416 77 21 hours
3590 1415 60 28 they
3674 1415 78 22 heard

3257 1459 49 16 one
3324 1453 76 22 chord
3417 1452 86 23 struck
3521 1459 31 14 on
3568 1459 15 14 a
3600 1450 75 27 piano
3692 1449 61 23 with

3252 1487 154 23 methodical
3439 1487 133 28 precision,
3605 1492 62 17 over
3701 1486 50 23 and

3257 1532 61 15 over
3335 1525 83 26 again.
3438 1525 35 21 To
3491 1524 92 25 satisfy

3257 1561 57 21 that
3337 1560 44 23 the
3404 1560 81 22 hectic
3509 1559 49 26 day
3582 1559 29 22 of

3257 1597 55 22 tion
3328 1596 49 23 had
3394 1598 44 21 not
3454 1596 49 22 left
3519 1595 68 23 them
3603 1593 92 28 totally
3712 1594 28 21 de-

3257 1632 105 27 ranged,
3387 1632 58 26 they
3469 1631 63 22 stole
3555 1630 142 28 cautionsly
3721 1636 33 21 up

3257 1670 28 20 to
3301 1668 41 23 the
3357 1668 62 22 attic
3437 1675 47 15 one
3500 1667 138 22 afternoon
3654 1668 26 20 to
3696 1665 56 23 find

3257 1711 14 14 a
3580 1709 27 15 as
3630 1702 59 26 they
3711 1702 29 22 de-

3257 1740 100 22 scribed
3377 1740 45 22 her
3440 1741 27 20 to
3487 1739 61 21 Arts
3567 1738 49 22 and
3636 1737 118 22 Sciences

3258 1775 108 26 friends,
3379 1774 132 27 dreaming
3522 1776 28 20 at
3562 1774 43 22 the
3618 1774 84 27 piano,
3715 1780 26 15 re-

3258 1812 105 26 peating
3379 1811 42 22 the
3439 1818 47 14 one
3503 1809 85 23 chord.
3605 1809 112 26 Perhaps
3734 1809 20 22 it

3259 1854 52 15 was
3337 1846 144 27 something
3508 1846 25 22 in
3561 1846 45 22 her
3633 1847 64 26 past,
3726 1851 28 16 or

3258 1883 90 26 maybe
3368 1882 44 23 she
3434 1890 50 14 was
3506 1881 194 26 concentrating
3720 1887 34 15 on

3257 1925 33 15 an
3310 1918 130 22 invention
3460 1918 61 22 such
3539 1924 27 16 as
3583 1925 16 15 a
3617 1918 62 21 slide
3698 1917 56 22 rule

3258 1955 44 21 for
3319 1955 130 26 harmony.

3294 1990 60 21 Miss
3368 1989 111 26 Marphit
3493 1989 175 25 conjectured.
3682 1989 26 22 Fi-

3294 2026 68 26 nally
3377 2027 42 20 the
3433 2026 74 21 could
3522 2025 73 22 stand
3611 2025 42 21 the
3668 2034 39 11 sus-

3292 2070 78 17 pense
3389 2071 32 12 no
3440 2062 94 25 longer.
3554 2061 66 22 First
3638 2068 69 14 ascer-

3294 2099 97 24 taining
3407 2098 55 21 that
3475 2098 43 21 the
3533 2097 82 21 would
3630 2102 44 17 not
3688 2097 32 21 be

3292 2133 75 22 alone
3382 2133 59 22 with
3458 2134 42 21 the
3515 2133 131 25 obviously
3663 2132 57 23 mad

3294 2170 55 24 girl,
3367 2170 44 21 she
3426 2169 104 22 decided
3549 2177 66 18 upon
3633 2178 14 12 a
3663 2176 43 18 psy-

3293 2205 139 26 chological
3449 2205 135 26 approach,
3601 2205 59 25 and,
3677 2205 33 22 sit-

3294 2242 54 25 ting
3365 2246 26 17 at
3410 2242 41 21 the
3467 2243 84 24 piano,
3569 2240 91 26 played
3677 2240 43 22 the

3294 2277 85 24 chord,
3417 2277 95 25 asking,
3672 2277 49 21 this

3295 2321 72 13 mean
3388 2314 123 24 anything
3531 2317 26 17 to
3683 2313 26 21 In-

3294 2349 73 21 stead
3377 2350 28 20 of
3418 2348 111 27 showing
3543 2348 42 22 the
3597 2347 124 27 expected

3294 2384 137 25 hysterical
3456 2386 122 23 reaction,
3605 2384 42 22 the
3673 2384 48 26 girl

3293 2420 89 21 looked
3394 2420 112 27 puzzled.
3518 2420 78 25 Then,
3608 2426 26 16 to
3646 2420 60 22 Rose-

3296 2457 91 24 mary's
3412 2458 110 24 surprise
3545 2456 58 25 and,
3626 2464 28 14 as
3677 2456 44 22 she

3295 2492 123 21 admitted
3443 2493 73 25 later,
3540 2497 27 17 to
3589 2492 46 21 her
3656 2492 65 21 keen

3295 2528 301 25 disappointment,
3614 2528 42 21 the
3674 2528 48 25 girl

3296 2563 146 26 laughingly
3458 2564 134 25 explained
3608 2564 56 22 that
3679 2564 42 21 the

3296 2599 77 20 chord
3393 2600 47 20 had
3461 2608 32 12 no
3512 2599 64 21 dark
3595 2600 126 25 meaning,

3295 2635 45 21 but
3357 2643 50 13 was
3424 2635 60 25 only
3500 2644 32 13 an
3550 2636 113 21 exercise
3680 2635 28 21 de-

3296 2670 88 26 signed
3407 2675 26 17 to
3456 2671 107 26 develop
3585 2669 122 28 independ-

3291 2714 63 14 ence
3386 2707 29 21 of
3446 2707 43 20 the
3522 2706 106 26 fingers.
3668 2707 54 21 The

3456 2744 81 20 Marie
3564 2742 158 26 Goodspeed,

3296 2779 80 21 Music
3393 2779 94 25 junior.

3451 2821 12 13 *
3555 2822 12 12 *

3292 2857 109 27 Strange
3430 2858 46 21 but
3504 2862 64 22 true,
3598 2857 73 27 Mary
3697 2858 58 22 Ann

3252 2889 1 39 |
3257 2892 113 24 Wadden
3384 2894 21 22 is
3417 2900 31 16 an
3462 2894 95 22 officer
3570 2894 28 23 of
3611 2901 32 16 an
3655 2894 101 27 organi-

3252 2924 1 33 I
3257 2929 84 22 zation
3355 2931 26 20 to
3393 2929 80 22 which
3486 2930 43 22 she
3544 2930 99 22 doesn't
3655 2930 100 27 belong.

3257 2965 23 22 It
3305 2966 34 22 all
3362 2972 71 16 came
3457 2966 80 22 about
3559 2966 73 23 when
3655 2966 33 23 all
3712 2966 44 23 the

3257 3001 126 22 members
3398 3001 30 23 of
3441 3001 43 22 the
3500 3001 66 27 club,
3581 3001 61 23 with
3656 3002 43 22 the
3715 3008 28 16 ex-

3256 3038 102 26 ception
3374 3037 31 23 of
3419 3044 48 15 one
3484 3037 104 27 officer,
3605 3038 150 27 graduated.

3256 3073 63 22 New
3335 3073 111 27 pledges,
3463 3073 55 22 who
3535 3079 43 16 are
3596 3075 46 21 not
3658 3075 44 25 yet
3716 3073 28 23 of-

3257 3109 98 29 ficially
3372 3110 132 25 members,
3522 3109 62 23 have
3600 3110 65 22 been
3681 3110 64 22 elect-

3257 3145 30 22 ed
3307 3147 28 20 to
3355 3144 40 23 fill
3415 3145 42 22 the
3478 3147 93 20 vacant
3589 3147 78 25 posts.

108 132 16 26 2

1456 126 81 26 THE
1559 123 157 28 LOYOLA
1738 122 179 30 MAROON,
1938 122 159 30 FRIDAY,
2119 121 121 27 APRIL
2260 122 45 29 27,
2328 121 72 26 1945

984 4180 117 71 The
1121 4177 216 85 Loyola
1358 4177 229 72 Maroon

982 4282 113 20 Published
1112 4281 79 18 weekly
1209 4281 74 17 during
1299 4279 36 17 the
1350 4278 112 17 scholastic
1480 4282 49 15 Tear
1544 4277 25 20 by
1587 4277 34 17 the

954 4307 97 17 students
1071 4305 24 16 of
1113 4304 79 18 Loyola
1210 4301 130 19 University,
1360 4300 49 17 New
1428 4300 87 17 Orleans
1537 4300 29 18 18,
1586 4299 35 17 La.

1135 4359 157 19 Subscriptions
1316 4358 24 18 (2
1363 4363 12 11 a
1397 4361 49 15 year

981 4419 91 17 Entered
1088 4423 23 12 as
1128 4415 144 19 second-class
1289 4415 76 16 matter
1382 4413 116 17 November
1514 4413 31 18 21,
1562 4412 58 19 1029,

952 4444 22 14 at
992 4442 35 16 the
1045 4439 114 19 Postoffice
1176 4441 22 14 at
1214 4437 49 16 New
1278 4436 94 17 Orleans,
1390 4435 41 18 La.,
1448 4435 65 17 under
1529 4434 35 18 the
1581 4434 40 17 Act

953 4464 22 17 of
992 4463 71 17 March
1081 4463 18 18 8.
1117 4461 60 17 1879.

981 4519 92 17 Address
1095 4517 55 18 THE
1173 4514 108 19 LOYOLA
1303 4513 114 17 MAROON
1437 4514 33 16 for
1491 4513 129 17 advertising

953 4544 64 15 rates.
1048 4541 74 17 Biever
1137 4538 54 19 Hall,
1207 4536 78 20 Loyola
1299 4536 129 18 University,
1445 4535 69 17 Phone
1531 4533 89 18 WAlnut

953 4564 59 18 7500,
1030 4562 114 18 Extension
1161 4561 33 17 31.

1157 4631 141 23 Executive
1315 4629 105 22 Council

1156 4673 65 23 LEO
1238 4672 28 23 C.
1284 4670 137 24 MULLER

1162 4707 141 23 Executive
1323 4706 90 22 Editor

952 4753 104 23 ALINE
1068 4751 127 24 STUBBS
1251 4746 170 25 MARJORIE
1433 4744 187 24 ZOLLINGER

953 4787 140 27 Managing
1111 4785 91 23 Editor
1323 4782 119 26 Make-up
1462 4779 91 24 Editor

1138 4825 114 25 EDWIN
1269 4826 27 22 T.
1315 4823 122 24 BROWN

1155 4862 120 22 Business
1298 4859 123 25 Manager

3409 3231 196 41 CLEM'S

3354 3294 173 31 BARBER
3542 3294 117 31 SHOP

3309 3352 80 25 6006
3413 3349 167 33 Magazine
3603 3349 100 28 Street

3375 3400 68 22 Near
3463 3400 71 22 State
3554 3399 87 24 Street

3384 3535 244 57 CASH

3426 3618 65 22 FOR
3502 3616 91 22 YOUR

3298 3666 73 32 Still
3382 3676 40 22 or
3432 3666 117 31 Movie
3559 3666 156 31 Cameras

3310 3721 183 44 Enlargers,
3520 3721 184 42 Projectors

3361 3775 66 33 and
3449 3776 204 32 Accessories

3302 3839 91 24 Here's
3413 3846 14 16 a
3446 3838 95 24 chance
3560 3845 28 17 to
3607 3844 44 28 get
3669 3844 47 28 top

3302 3880 82 34 prices
3402 3879 41 25 for
3461 3888 64 25 your
3542 3879 54 25 idle
3612 3887 30 18 or
3658 3885 43 19 out-

3303 3921 95 25 moded
3437 3922 159 34 equipment.
3634 3921 82 34 Bring

3304 3964 50 25 'em
3366 3962 132 26 inwe'll
3512 3962 51 34 buy
3577 3962 57 26 'em.

3321 4036 371 97 BENNETT'S

3387 4151 242 48 PHOTO

3360 4223 49 20 320
3430 4221 158 22 BARONNE
3608 4221 46 23 ST.

3390 4256 52 21 Opp.
3457 4255 72 18 Public
3544 4256 81 17 Sarvic*

2846 4390 71 56 A.
2942 4392 49 56 S.
3015 4390 202 58 ALOE
3245 4392 410 57 COMPANY

2985 4471 116 26 World's
3124 4472 106 33 Largest
3253 4471 118 35 Surgical
3390 4471 101 36 Supply

3122 4526 47 27 ST.
3187 4526 112 31 LOUIS,
3316 4527 67 26 MO.

2819 4582 157 34 Everything
2997 4582 43 26 for
3062 4582 44 25 the
3127 4581 114 26 Medical
3263 4581 117 32 Student,
3402 4581 142 36 Physician,
3565 4584 123 35 Hospital

3079 4624 52 25 and
3145 4624 111 25 Clinical
3271 4624 160 35 Laboratory

2969 4681 111 32 NEW
3107 4681 206 32 ORLEANS
3341 4681 191 33 BRANCH

2818 4728 149 34 MAgnolia
2985 4728 113 25 4755-56
3378 4730 66 26 1330
3460 4729 102 26 Tulane
3580 4729 108 25 Avenue

2889 4784 85 25 Other
2995 4783 141 25 Branches:
3159 4784 50 25 Los
3230 4784 114 34 Angeles
3366 4784 51 26 and
3439 4784 100 27 Kansas
3559 4785 60 35 City
