3823 5118
1104 1583 68 26 Judy
1196 1583 79 25 West,
1300 1582 43 26 62;
1367 1582 111 23 Theresa
1501 1582 101 25 Amato,

1104 1627 45 25 32;
1176 1626 83 22 Willie
1286 1625 56 22 Nell
1370 1625 161 26 Boudreaux,
1559 1625 44 25 30;

1105 1670 49 21 and
1176 1670 54 26 Fay
1250 1669 80 26 Vilac,
1353 1669 39 22 15.

1108 1722 20 18 !«
1148 1721 60 21 Best
1225 1720 110 23 Dreited
1352 1720 67 21 Male

1140 1764 118 26 Totaling
1277 1764 47 21 180
1341 1765 80 24 votes,
1439 1762 97 23 Ciolino
1551 1769 52 15 was

1106 1806 90 22 named
1211 1806 42 22 the
1267 1806 56 22 best
1337 1805 103 22 dressed
1454 1805 76 26 male;
1545 1811 44 16 run-

1105 1856 94 21 nersup
1223 1856 43 16 are
1291 1849 84 27 Harry
1398 1848 87 27 Truly,
1509 1848 43 27 66;
1575 1848 26 22 C.

1104 1894 121 25 Oliveira,
1243 1894 45 25 42;
1304 1893 114 22 Norman
1436 1892 103 26 O'Neal,
1558 1893 43 25 27;

1104 1937 50 22 and
1173 1937 80 22 Oscar
1270 1936 104 26 Blanco,
1393 1937 39 21 22.

1141 1979 122 26 Marjorie
1276 1979 128 26 Zollinger
1414 1979 60 22 with
1487 1979 31 21 87
1530 1980 72 20 votes

1104 2022 88 27 barely
1208 2022 121 22 defeated
1343 2021 158 27 Marguerite
1516 2022 87 21 Hitter

1104 2066 55 21 who
1179 2065 83 27 polled
1281 2065 30 22 64
1331 2066 73 21 votes
1423 2065 42 22 for
1483 2064 43 23 the
1546 2064 55 23 best

1105 2109 104 22 dressed
1226 2108 80 22 co-ed.
1333 2107 91 24 Others
1441 2108 24 21 in
1484 2108 42 22 the
1543 2114 45 15 run-

1105 2151 62 26 ning
1180 2158 66 16 were
1258 2151 49 28 Joy
1320 2151 94 22 Larose
1427 2150 50 22 and
1491 2150 110 23 Corinne

1105 2194 140 25 Knobloch,
1259 2194 44 25 38;
1314 2193 50 22 and
1378 2193 110 23 Theresa
1501 2194 100 25 Amato,

1106 2230 39 22 37.

1140 2279 110 23 Corinne
1266 2278 131 24 Knobloch
1411 2279 60 22 with
1484 2280 30 21 94
1529 2280 72 21 votes

1104 2323 52 15 was
1171 2316 93 22 chosen
1281 2315 42 23 the
1340 2315 106 23 wittiest
1461 2321 91 20 person
1569 2322 31 15 on

1104 2352 43 22 the
1167 2357 112 21 campus.
1308 2351 153 27 Runnenips
1479 2357 44 16 are
1542 2350 59 23 Jeff

1104 2387 96 22 Collins
1233 2387 49 23 and
1318 2388 62 22 lone
1414 2385 107 28 Golden,
1557 2387 44 26 72;

1104 2423 85 22 James
1214 2423 127 26 Waldrep,
1366 2424 40 25 71,
1429 2423 50 23 and
1504 2422 97 23 Ronald

1105 2459 76 25 Senn,
1198 2459 39 22 22.

1619 3434 30 22 18
1668 3432 58 27 lbs.;
1745 3432 135 23 American
1900 3432 218 22 Pharmaceutical

1620 3468 172 27 Association,
1829 3468 30 22 14
1896 3468 59 27 lbs.;
1991 3467 50 23 and
2077 3467 41 23 Psi

1618 3506 96 26 Omega
1732 3504 150 27 fraternity,
1904 3505 29 22 12
1952 3503 45 24 lbs.

1624 3556 109 25 Monday
1749 3556 22 22 I*
1786 3555 124 21 Deadline

1652 3590 111 28 Monday
1784 3592 28 19 at
1830 3589 127 28 midnight
1977 3590 20 22 is
2016 3589 44 23 the
2079 3589 26 22 of-

1618 3626 74 24 ficial
1718 3626 117 23 deadline
1862 3626 44 23 for
1932 3626 43 22 the
2003 3626 115 26 clothing

1616 3663 79 23 drive.
1744 3661 112 23 Articles
1889 3661 125 23 collected
2049 3661 69 23 after

1616 3699 57 23 that
1691 3699 61 22 time
1772 3698 51 22 will
1843 3699 47 22 not
1909 3698 31 22 be
1961 3697 111 23 counted
2092 3697 26 22 in

1615 3735 44 22 the
1680 3733 166 27 competition
1870 3740 94 20 among
1986 3733 117 27 organiza-

1615 3771 76 22 tions.
1731 3771 52 22 The
1803 3770 116 27 winning
1939 3769 177 26 organization

1614 3807 51 22 will
1679 3806 32 23 be
1725 3805 120 24 awarded
1859 3813 15 15 a
1888 3806 69 27 prize
1972 3804 80 23 which
2065 3804 51 22 will

1614 3843 32 22 be
1666 3842 158 23 determined
1845 3842 33 25 by
1896 3841 43 24 the
1961 3840 107 23 number
2087 3840 29 21 of

1614 3879 99 27 pounds
1727 3877 123 23 collected
1866 3877 26 22 in
1906 3876 110 23 relation
2030 3877 27 21 to
2072 3876 43 22 the

1614 3915 108 22 number
1735 3914 30 22 of
1778 3914 127 22 members
1918 3914 26 22 in
1958 3913 43 22 the
2015 3911 86 26 organi-

1619 3951 93 22 zation.

58 204 167 57 Latins
257 205 111 55 Are

58 283 147 64 Hard
239 281 265 65 Workers

100 370 235 45 Inchaustegui
356 368 91 37 Talks

97 419 50 35 At
169 421 197 36 Dominican
390 418 150 46 College

198 485 219 26 achievements
445 483 33 27 of
502 484 50 26 the

54 518 175 28 Dominican
268 520 140 32 Republic
446 520 30 26 in
514 520 39 26 all

54 554 89 31 fields,
161 557 157 33 especially
335 557 30 26 in
383 557 153 26 education-

53 591 27 27 al
123 594 58 26 and
223 593 127 27 cultural
394 592 158 32 activities,

54 635 105 23 proves
182 629 68 28 that
274 629 278 27 Latin-Americans

53 671 52 19 are
136 663 74 28 hard
436 664 56 27 Mr.
525 665 25 26 J.

55 699 118 27 Marino
191 700 219 32 Inchaustegui,
428 701 125 32 visiting

54 734 153 33 professor
245 740 32 26 of
313 738 139 31 Spanish,
489 737 62 27 told

53 771 100 28 faculty
173 774 124 22 members
318 774 49 22 and
387 774 118 22 students
523 773 30 22 of

53 808 37 22 St.
104 807 94 27 Mary's
213 810 148 23 Dominican
373 811 95 24 college
483 810 53 22 Mon-

53 843 56 27 day.

58 881 94 25 Speaks
168 890 31 12 on
216 883 141 25 Republics'
373 883 105 25 History

94 916 51 22 Mr:
164 917 180 27 Inchaustegui
364 918 77 27 spoke
461 926 31 14 on
512 917 43 22 the

54 951 98 29 history
169 954 49 21 and
235 955 147 26 geography
399 955 30 21 of
445 954 44 22 the
506 955 31 21 Do-

53 988 110 22 minican
178 989 120 27 Republic
312 990 49 22 and
375 990 42 22 the
430 990 123 22 relations

53 1024 30 22 of
103 1024 55 23 that
177 1027 108 26 country
305 1028 26 20 to
351 1026 201 23 Pan-American

53 1060 50 22 and
116 1060 42 22 the
171 1060 94 24 United
279 1062 86 22 States
378 1062 70 22 Good
461 1062 78 26 Neigh-

53 1096 46 22 bor
114 1096 91 28 policy.

88 1132 36 23 At
138 1132 42 23 the
197 1132 187 23 International
401 1133 137 23 Education-

55 1168 25 23 al
106 1169 126 27 assembly
257 1170 59 22 held
343 1171 24 21 in
395 1170 61 22 New
483 1170 69 21 York

53 1204 72 27 April
147 1206 84 25 12-16,
252 1207 45 22 Mr.
318 1205 162 27 Ichaustegui
499 1205 54 22 said

54 1241 55 22 that
193 1242 29 22 of
236 1242 205 22 Latin-America
455 1241 84 22 consid-

54 1283 28 17 er
99 1276 58 23 that
174 1278 25 22 in
217 1277 44 24 the
278 1278 76 22 death
372 1277 29 23 of
420 1277 135 23 President

55 1313 135 22 Roosevelt
212 1320 37 16 we
271 1314 63 22 have
357 1314 49 22 lost
428 1320 47 16 our
498 1313 56 23 best

55 1348 94 27 friend,
175 1349 43 23 the
244 1350 54 22 real
324 1357 107 20 sponsor
455 1350 30 22 of
509 1349 44 23 the

57 1385 72 23 Good
171 1386 131 27 Neighbor
501 1386 52 23 The

54 1421 137 24 educators
213 1424 104 25 present
338 1425 28 20 at
388 1423 41 22 the
451 1422 89 22 confer-

53 1463 62 16 ence
146 1460 67 19 must
242 1465 56 15 now
329 1458 149 27 strengthen
510 1458 43 21 the

59 1494 80 22 bonds
163 1495 154 22 established
342 1495 31 28 by
399 1494 156 23 Roosevelt's

52 1526 81 64 teals
164 1530 50 22 and
246 1530 245 27 accomplishments,
522 1529 32 23 he

85 1565 31 23 id.

58 1603 89 21 Wants
162 1603 87 22 World
264 1603 88 22 Office
368 1605 28 20 of
412 1603 142 21 Education

146 1639 21 22 is
182 1639 42 22 the
241 1639 65 27 hope
323 1640 29 21 of
368 1639 42 22 the
427 1638 126 26 assembly

54 1673 56 22 that
131 1673 125 23 decisions
274 1674 51 22 will
346 1675 30 21 be
398 1675 108 21 reached
527 1676 27 19 at

53 1710 44 22 the
120 1710 49 22 San
192 1710 136 23 Francisco
351 1710 155 23 conference
528 1710 24 22 in

54 1746 92 26 regard
163 1749 26 20 to
206 1746 42 22 the
267 1746 192 23 establishment
474 1746 30 22 of
521 1753 32 15 an

54 1782 182 23 international
252 1783 81 22 office
347 1783 31 22 of

53 1818 43 21 the
114 1818 108 26 Spanish
239 1819 131 26 professor
386 1818 90 22 added.
493 1818 61 22 Five

54 1854 115 23 hundred
190 1854 111 26 colleges
321 1855 49 22 and
391 1854 163 22 universities

54 1890 65 22 have
145 1890 128 26 approved
299 1890 42 23 the
368 1891 108 26 project,
503 1889 50 22 and

53 1926 74 27 plans
150 1926 63 23 have
237 1927 64 22 been
325 1926 150 23 introduced
500 1926 53 22 into

54 1962 43 22 the
117 1962 85 22 House
221 1962 31 22 of
268 1962 225 27 Representatives
511 1961 43 22 for

54 2004 15 17 a
97 1998 96 22 similar
220 1998 82 23 office
331 1998 29 23 of
389 1998 42 22 the
459 1998 94 22 United

54 2034 94 26 States,
165 2034 81 23 which
263 2035 82 21 would
363 2033 67 23 form
449 2034 43 22 the
510 2041 30 14 nu-

53 2070 70 22 cleus
139 2071 29 21 of
183 2070 43 22 the
242 2077 70 15 more
329 2070 130 23 extensive
477 2070 65 22 inter-

53 2106 115 23 national
185 2113 127 22 program,
329 2106 30 22 he
376 2105 141 27 explained.

94 2143 47 21 Mr.
160 2142 179 26 Inchaustegui
357 2142 53 22 also
428 2143 77 26 spoke
523 2149 32 15 on

53 2177 157 28 fellowships
226 2178 50 23 and
291 2178 104 23 teacher
411 2178 143 26 exchanges

53 2214 26 22 in
94 2214 44 22 the
153 2214 149 22 Dominican
319 2214 120 27 Republic
455 2214 50 22 and
521 2221 31 15 on

54 2251 43 22 the
111 2250 183 22 international
308 2250 130 27 exchange
451 2249 29 22 of
494 2249 59 22 date

53 2288 44 21 for
114 2286 143 27 fellowship
274 2292 129 21 purposes.

579 198 178 59 Lieut.
789 195 130 59 Rau
951 192 287 60 Receives
1273 184 221 65 Medal

581 281 110 60 For
729 274 323 75 Gallantry
1088 275 59 59 In
1185 271 220 62 Action

655 364 116 27 Marine
791 364 46 27 Ist
852 363 45 27 Lt.
914 362 80 26 John
1013 362 30 26 F.
1061 362 74 29 Rau,
1153 362 45 25 '42
1215 361 155 31 graduate,
1386 367 64 19 was
1466 359 133 33 recently

578 402 139 27 awarded
739 401 50 26 the
809 400 89 25 silver
920 400 63 25 star
1003 399 49 26 for
1306 397 152 31 gallantry
1477 398 59 25 and
1558 395 28 26 in-

578 437 143 32 trepidity
742 437 29 26 in

655 474 148 29 Assigned
818 481 31 19 as
864 480 17 18 a
897 470 133 28 forward
1046 469 139 28 observer
1201 469 72 27 with
1287 478 38 19 an
1340 469 136 32 artillery
1491 467 93 28 battal-

579 511 47 25 ion
640 518 37 18 on
693 508 121 33 Saipan,
830 508 178 26 Lieuttenant
1024 508 63 25 Rau
1103 506 107 26 wasn't
1225 506 132 26 satisfied
1373 505 73 27 with
1461 504 46 27 his
1522 503 62 33 posi-

579 546 63 27 tion
660 546 29 26 in
706 546 50 26 the
772 552 69 18 rear
855 546 32 25 of
902 544 51 26 the
969 543 84 28 front
1069 543 83 26 lines.

658 582 44 27 He
718 580 103 27 moved
840 579 60 28 into
916 588 18 18 a
952 579 119 27 wooded
1089 587 70 20 area
1178 579 29 26 in
1225 579 84 26 front
1326 577 32 26 of
1374 578 49 27 the
1440 577 76 26 lines
1532 576 67 27 and.

577 618 143 31 although
740 616 126 32 exposed
886 618 30 24 to
936 616 148 31 Japanese
1102 615 61 29 fire,
1183 615 36 25 he
1239 614 131 26 directed
1389 614 50 26 the
1457 613 91 31 firing
1566 613 33 25 of

583 656 40 27 big
638 662 66 20 guns
718 654 59 22 with
794 656 72 23 great
881 652 65 21 skill.
972 653 38 22 He
1027 659 51 14 was

581 691 104 27 slightly
700 689 132 25 wounded,
849 689 44 22 but
908 689 72 22 stuck
997 690 27 21 to
1039 688 39 22 his

580 728 44 26 job
644 727 49 23 and
713 726 40 22 led
772 725 37 22 his
829 727 72 24 party
921 724 25 23 in
964 724 114 26 fighting

582 763 42 22 off
641 763 105 26 snipers.
774 762 34 22 At
823 761 42 22 the
882 767 69 16 same
968 761 61 22 time
1047 761 31 22 he

582 799 112 23 directed
732 798 42 22 the
812 798 148 21 evacuation
998 798 28 22 of
1063 802 16 16 a

582 834 122 23 wounded
726 834 106 21 Marine.

583 879 119 21 Receives
717 878 81 21 Other
811 876 104 22 Award*

617 914 27 22 In
666 913 114 23 addition
802 916 26 19 to
849 913 42 22 the
912 912 82 23 Silver
1016 914 61 23 star,

583 951 153 21 Lieutenant
754 949 52 22 Rau
824 949 115 22 received
957 948 41 23 the
1018 949 60 21 Pur-

616 1065 154 22 Lieutenant
785 1064 52 23 Rau
853 1064 141 26 graduated
1010 1064 67 21 from

581 1101 42 21 the
652 1100 146 26 University
827 1100 25 22 in
881 1100 65 21 1942
972 1099 62 22 with
1063 1105 14 16 a

583 1137 54 22 B.S.
656 1137 24 22 in
696 1137 149 21 economics.
870 1136 39 22 He
926 1143 51 14 was
994 1143 14 14 a
1026 1135 35 21 Ma-

582 1180 62 15 roon
666 1172 96 22 staffer
783 1172 26 22 in
833 1172 63 22 1940
918 1171 49 22 and
990 1178 51 14 was
1063 1178 14 14 a

581 1209 112 22 member
706 1209 28 22 of
748 1208 97 22 several
858 1208 73 22 other
946 1207 118 26 organiza-

581 1245 74 22 tions.

616 1287 138 27 Following
769 1288 20 20 is
803 1287 42 22 the
859 1286 114 25 citation,
988 1286 89 25 signed

582 1323 32 27 by
640 1324 38 22 Lt.
705 1323 61 22 Gen.
794 1323 107 22 Holland
927 1322 32 22 M.
987 1322 90 25 Smith,

580 1359 163 22 commander
753 1360 29 21 of
793 1359 70 21 Fleet
873 1358 97 22 Marine
982 1357 95 26 forces,

581 1395 80 22 which
682 1396 54 21 Rau
754 1395 115 22 received
888 1394 61 22 with
968 1393 44 23 the
1032 1393 35 22 Sil-

581 1439 44 14 ver
642 1434 65 19 star:

699 1474 166 26 conspicuous
881 1473 130 28 gallantry
1028 1472 50 22 and

582 1510 150 27 intrepidity
755 1510 25 22 in
803 1510 84 22 action
909 1508 104 27 against
1034 1507 44 23 the

582 1553 90 20 enemy
693 1546 72 22 while
787 1546 102 26 serving
909 1545 60 22 with
990 1552 15 15 a
1026 1544 35 22 Ma-

582 1583 54 22 rine
653 1581 115 27 artillery
784 1581 124 22 battalion
925 1588 32 15 on
975 1580 103 26 Saipan,

583 1618 112 22 Marinas
716 1617 103 26 islands,
841 1624 30 15 on
893 1617 43 22 the
957 1617 73 26 night
1050 1616 28 23 of

576 1654 67 22 June
666 1654 82 25 21-22,
772 1654 73 21 1944.
884 1652 97 23 Second
1005 1651 58 23 Lieu-

581 1692 91 20 tenant
689 1689 63 27 Rau,
771 1696 27 15 as
815 1696 14 15 a
847 1689 111 22 forward
976 1688 88 22 observ-

581 1733 29 15 er
638 1726 60 21 with
727 1733 15 15 a
771 1725 73 22 front
873 1724 50 22 line
953 1730 125 20 company

583 1762 88 21 moved
694 1762 53 21 into
771 1761 85 22 woods
878 1761 81 22 ahead
983 1761 29 22 of
1035 1759 43 23 the

582 1798 146 26 company's
750 1798 109 26 position
881 1799 26 19 to
931 1796 88 26 adjust
1040 1802 26 15 ar-

581 1834 85 27 tillery
682 1833 58 22 fire.
767 1834 38 21 He
822 1839 49 16 was
888 1833 92 22 unable
997 1834 27 20 to
1041 1838 25 16 se-

582 1877 60 15 cure
666 1877 82 18 cover,
771 1870 45 22 but
837 1868 130 24 remained
991 1871 28 19 at
1041 1867 37 22 his

583 1908 56 24 post
653 1906 24 21 in
693 1905 42 22 the
749 1906 57 21 face
820 1905 29 22 of
861 1905 72 22 small
947 1911 68 16 arms
1027 1904 51 22 fire

582 1942 49 21 and
643 1942 126 26 grenades
782 1943 67 21 from
862 1939 202 24 counter-attack-

583 1978 43 26 ing
642 1984 91 20 enemy
750 1977 92 22 forces.

583 2021 119 21 Directed
715 2021 58 21 Fire

688 2056 113 22 directed
817 2056 49 22 fire
881 2063 31 15 on
928 2055 42 23 the
987 2061 91 20 entmy

582 2093 59 21 with
664 2094 74 25 great
760 2092 55 22 skill
837 2092 49 22 and
908 2094 71 20 utter
1001 2092 65 21 disre-

580 2128 63 26 gard
681 2129 43 22 for
762 2127 37 23 his
836 2127 118 28 personal
992 2126 86 27 safety

583 2164 157 27 throughout
770 2164 43 22 the
843 2164 80 26 night,
955 2163 59 26 and,
1043 2162 24 23 al-

583 2200 94 25 though
698 2199 132 26 wounded,
849 2200 39 22 led
906 2199 40 22 his
964 2198 114 23 forward

582 2236 120 22 observer
718 2237 75 26 party
809 2236 25 22 in
851 2236 151 22 evacuation
1019 2236 29 22 of
1063 2242 15 16 a

582 2271 123 22 wounded
728 2272 98 21 Marine
848 2271 80 22 under
949 2271 43 23 the
1012 2272 66 20 most

582 2308 105 22 adverse
699 2308 143 22 conditions
854 2307 27 23 of
893 2307 124 23 darkness
1028 2307 50 22 and

582 2344 131 21 cross-fire
731 2344 68 21 from
818 2343 42 23 the
878 2350 97 19 enemy.
1006 2342 58 22 Lieu-

580 2381 91 21 tenant
697 2379 76 22 Rau's
798 2385 158 20 courageous
980 2379 84 22 leader-

581 2415 63 27 ship,
667 2415 65 26 skill,
755 2415 49 22 and
827 2415 108 22 fearless
958 2415 119 21 devotion

581 2457 26 16 to
626 2451 62 27 duty
704 2457 66 16 were
787 2451 25 22 in
831 2451 107 27 keeping
956 2451 60 22 with
1033 2450 44 23 the

583 2487 99 26 highest
704 2487 138 22 traditions
865 2488 28 21 of
916 2487 44 22 the
982 2486 95 22 United

583 2523 85 22 States
683 2523 82 22 Naval

1209 1363 48 20 LT.
1275 1363 86 20 JOHN
1381 1363 25 20 F.
1426 1363 73 20 ROW

1104 2552 24 35 Is
1148 2550 110 36 Labor
1276 2550 198 36 Arbitrator

1139 2607 43 22 Dr.
1202 2607 67 23 John
1291 2607 29 22 V.
1342 2607 110 26 Connor,
1472 2607 128 22 chairman

1104 2643 28 21 of
1150 2643 43 22 the
1210 2643 143 22 economics
1370 2643 171 26 department,
1557 2642 43 23 has

1104 2679 64 22 been
1189 2679 111 22 selected
1322 2681 153 25 permanent
1493 2678 94 23 arbitra-

1104 2716 41 20 tor
1157 2715 43 21 for
1213 2714 154 23 arbitration
1380 2713 167 29 proceedings
1561 2715 26 22 be-

1104 2752 82 21 tween
1199 2750 43 23 the
1256 2751 62 22 New
1332 2751 107 22 Orleans
1453 2749 147 28 Laundries,

1103 2787 60 26 Inc.,
1179 2786 51 22 and
1244 2786 44 22 the
1304 2786 196 27 Amalgamated
1516 2786 70 23 Cloth-

1103 2823 43 25 ing
1163 2822 119 22 Workers
1298 2822 86 23 union.

1627 192 243 69 Security
1899 182 152 65 Talks

1630 268 103 64 End
1767 268 349 64 Conference

1670 349 125 47 Group
1813 351 176 34 Discusses
2005 351 107 33 Views

1670 400 52 35 Of
1742 401 112 34 Peace
1875 400 248 45 Organization

1664 464 113 27 Heated
1808 465 181 27 discussions
2016 473 110 23 among

1624 501 165 26 discussion
1819 501 114 27 leaders
1960 502 58 26 and
2046 501 63 26 chal-

1625 536 114 33 lengers
1757 544 36 21 OH
1813 538 49 27 the
1880 538 145 31 question,

1626 573 115 27 Nature
1760 575 58 26 and
1839 574 88 31 Legal
1947 576 127 30 Aspects
2093 574 33 26 of

1626 610 48 26 the
1690 610 215 27 International
1921 610 137 33 Security
2073 610 35 27 Or-

1852 647 97 27 closed
1976 648 51 27 the
2055 649 53 26 two-

1626 683 56 32 day
1708 683 132 30 regional
1865 684 131 31 meeting
2020 683 33 27 of
2076 685 49 25 the

1626 719 133 27 Catholic
1787 721 187 27 Association
2002 721 49 27 for
2080 722 31 26 In-

1630 758 156 21 ternational
1804 759 80 21 Peace
1903 759 128 26 Saturday
2048 758 65 23 after-

1631 800 65 15 noon
1715 793 24 22 in
1759 793 41 23 the
1819 794 134 22 Roosevelt
1972 793 76 23 hotel.
2076 794 50 22 The

1631 829 111 24 meeting
1760 836 51 16 was
1828 831 139 26 sponsored
1984 830 33 27 by
2035 831 91 26 Loyola

1632 864 140 28 university
1794 868 27 19 at
1844 866 42 22 the
1909 869 104 23 request
2035 867 29 21 of
2086 866 40 23 the

1632 901 65 21 Most
1737 901 60 22 Rev.
1836 902 159 27 Archbishop
2034 903 92 26 Joseph

1632 937 109 22 Frances
1756 937 124 22 Rummel.

1632 989 129 19 Diicusses
1777 988 87 21 World
1880 990 182 23 Organization

1661 1022 94 27 Acting
1775 1024 70 22 Dean
1868 1024 101 23 Vernon
1992 1024 28 23 X.
2043 1024 83 23 Miller

1626 1059 29 21 of
1678 1058 42 22 the
1742 1059 60 22 Law
1824 1060 84 22 school
1931 1061 128 22 discussed
2083 1062 42 22 the

1627 1095 157 26 importance
1829 1096 28 22 of
1897 1096 42 22 the
1981 1097 144 23 immediate

1626 1131 115 26 working
1760 1131 30 22 of
1808 1139 16 15 a
1842 1133 77 22 world
1940 1134 185 26 organization,

1626 1168 50 21 and
1698 1168 71 22 Prof.
1793 1168 65 22 Emil
1881 1169 27 21 L.
1931 1168 92 28 Telfel,
2046 1170 66 21 chair-

1626 1211 57 14 man
1697 1203 29 21 of
1740 1203 42 22 the
1797 1204 161 26 department
1970 1206 31 21 of
2013 1205 98 26 journal-

1615 1240 63 25 ism,
1691 1240 134 26 explained
1837 1241 49 21 and
1898 1241 104 22 defined
2014 1241 43 23 the
2068 1249 43 15 con-

1626 1278 57 24 cept
1697 1276 29 22 of
1738 1277 170 26 sovereignty.
1940 1277 78 22 Third
2032 1278 80 22 discus-

1626 1313 55 21 sion
1704 1312 88 22 leader
1815 1319 52 15 was
1891 1313 70 22 Prof.
1988 1314 54 27 Ray
2067 1314 44 22 For-

1627 1350 82 20 rester
1735 1350 29 22 of
1789 1349 43 23 the
1860 1350 97 22 Tulane
1984 1350 141 27 university

1626 1384 101 26 College
1743 1385 30 22 of
1788 1386 58 21 Law
1860 1386 54 22 who
1931 1386 134 26 explained
2082 1387 42 23 the

1626 1423 161 23 agreements
1809 1422 30 22 of
1860 1422 42 22 the
1924 1422 78 22 Yalta
2024 1423 86 21 confer-

1625 1464 68 16 ence.

1659 1493 128 28 Saturday
1829 1494 139 27 morning's
2006 1495 117 26 sessions,

1624 1529 79 22 which
1720 1530 97 27 opened
1833 1531 59 22 with
1908 1531 44 22 the
1967 1531 155 23 celebration

1625 1566 29 21 of
1675 1566 67 21 Mass
1764 1569 26 19 at
1810 1566 43 22 the
1873 1566 84 23 Jesuit
1976 1567 94 22 church
2090 1574 32 15 on

1614 1601 1 30 ;
1626 1601 116 23 Baronne
1780 1604 80 21 street
1897 1604 31 25 by
1966 1603 157 28 Archbishop

1626 1638 122 25 Rummel,
1767 1645 52 16 was
1839 1639 118 22 followed
1977 1639 34 26 by
2030 1639 80 22 discus-

1624 1675 68 21 sions
1709 1682 32 15 on
1758 1675 42 23 the
1985 1675 138 27 Principles

1626 1711 49 21 and
1708 1710 51 22 The
1792 1711 133 22 Economic
1959 1711 49 22 and
2041 1711 82 22 Social

1613 1730 2 16 l

1765 1747 29 22 of
1811 1748 43 21 the
1871 1747 102 27 coming
1988 1748 78 21 world
2085 1753 26 16 or-

1613 1781 2 27 i
1625 1783 154 25 ganization.
1822 1783 52 23 The
1899 1783 67 22 talks
1990 1790 67 15 were
2083 1783 39 23 led

1613 1820 2 33 |
1629 1820 32 27 by
1678 1820 41 22 Dr.
1738 1820 98 22 Arthur
1851 1820 26 22 T.
1897 1820 130 25 Donohue,
2045 1820 66 22 chair-

1613 1855 2 27 ;
1625 1862 57 15 man
1701 1855 30 22 of
1748 1856 43 21 the
1809 1856 162 26 department
1988 1855 30 23 of
2035 1855 76 23 sociol-

1624 1898 56 20 ogy,
1698 1891 49 22 and
1764 1891 43 23 the
1825 1892 59 21 Rev.
1902 1891 111 22 Vincent
2029 1891 78 23 O'Con-

1624 1928 57 24 nell,
1700 1927 70 26 S.M.,
1788 1928 131 26 professor
1935 1928 30 22 of
1982 1928 77 22 social
2078 1928 34 21 sci-

1625 1970 74 16 ences
1725 1966 27 19 at
1776 1963 80 22 Notre
1883 1964 79 21 Dame
1986 1963 137 27 seminary,

1613 1999 2 30 I
1623 2000 50 22 and
1689 2000 42 21 the
1749 2000 59 22 Rev.
1825 1999 109 23 William
1952 2000 28 22 H.
1997 2000 125 26 Rientjes,

1613 2031 36 39 |C.
1670 2036 36 22 Ss.
1724 2035 35 25 R.,
1777 2037 85 20 rector
1878 2036 29 21 of
1924 2036 35 22 St.
1978 2035 145 28 Alphonsus

1613 2071 1 36 j
1624 2071 101 23 church.

1627 2123 112 22 Stresses
1760 2123 137 22 Functions
1918 2124 28 21 of
1965 2123 106 22 Council

1663 2158 41 22 Dr.
1720 2159 122 22 Donohue
1855 2159 127 22 discussed
1995 2158 44 23 the
2052 2159 59 22 func-

1613 2195 1 22 -1
1627 2195 68 22 tions
1715 2195 29 22 of
1763 2195 43 22 the
1826 2195 130 22 economic
1977 2195 49 22 and
2047 2195 76 22 social

1628 2230 98 22 council
1749 2231 29 21 of
1797 2230 44 23 the
1864 2230 100 26 coming
1985 2231 78 22 world
2087 2237 26 16 or-

1626 2267 155 26 ganization,
1800 2267 173 27 emphasizing
1989 2267 34 22 its
2040 2273 70 16 neces-

1627 2302 50 27 sity
1698 2303 108 22 because
1827 2304 29 21 of
1876 2303 129 22 economic
2027 2302 97 23 factors

1627 2339 103 27 leading
1743 2340 26 21 to
1783 2345 59 16 war.

1657 2381 216 26 Interpretations
1891 2383 29 21 of
1938 2382 42 22 the
2000 2388 123 20 purposes

1623 2416 49 22 and
1686 2416 137 28 principles
1836 2417 28 23 of
1877 2417 42 21 the
1932 2417 191 27 organizations

1623 2459 67 15 were
1715 2453 74 24 given
1816 2453 32 28 by
1875 2453 106 22 Fathers
2007 2453 116 26 Reintjes

1623 2488 49 22 and
1689 2488 146 22 O'Connell.
1869 2488 51 22 The
1935 2488 100 23 former
2047 2492 61 20 term-

1624 2525 30 21 ed
1670 2524 43 22 the
1730 2525 131 26 proposals
2028 2525 95 24 useful,

1624 2559 48 23 and
1687 2566 61 16 even
1937 2560 74 22 while
2024 2560 42 22 the
2077 2561 36 21 lat-

1623 2598 40 21 ter
1684 2596 117 22 declared
1822 2596 56 23 that
1897 2596 60 22 with
1977 2598 101 25 respect
2097 2598 26 20 to

1623 2632 42 23 the
1684 2631 195 23 establishment
1897 2632 27 22 of
1941 2631 79 22 world
2038 2638 85 21 peace,

1676 2668 22 22 is
1712 2667 111 27 possible
1839 2670 27 20 to
1882 2669 54 23 wed
1953 2668 93 26 justice
2062 2668 61 22 with

1625 2703 92 27 utility,
1742 2704 50 22 and
1814 2703 74 22 there
1911 2711 46 15 can
1980 2704 31 21 be
2032 2711 32 15 no
2088 2703 24 22 di-

1622 2746 75 15 vorce
1711 2739 109 22 because
1836 2740 29 22 of

1628 2790 116 21 Outlines
1760 2790 161 22 Dumbarton
1939 2790 68 22 Oak*

1656 2825 53 22 The
1729 2826 60 22 Rev.
1808 2825 28 23 C.
1858 2825 27 22 C.
1905 2825 137 27 Chapman,
2063 2825 60 26 S.J.,

1622 2861 129 22 chairman
1780 2861 29 22 of
1836 2861 43 22 the
1906 2861 162 27 department
2093 2861 30 22 of

1621 2897 97 26 history
1737 2897 50 22 and
1807 2896 114 28 political
1941 2897 106 25 science,
2066 2899 42 19 out-

1620 2932 67 22 lined
1704 2933 42 22 the
1762 2933 159 22 Dumbarton
1939 2933 67 22 Oaks
2018 2939 89 20 propos-

1621 2968 36 22 als
1676 2971 28 19 at
1720 2968 44 22 the
1782 2968 114 28 opening
1913 2968 96 23 session
2027 2968 93 27 Friday

1620 3005 72 25 night
1732 3004 71 22 after
1842 3005 80 21 which
1963 3004 157 27 Archbishop

1622 3040 116 22 Rummel
1765 3041 61 21 read
1854 3040 54 24 andi
1931 3040 129 22 discussed
2087 3046 32 16 an

1618 3076 102 22 official
1734 3077 141 22 statement
1887 3084 32 14 on
1933 3077 42 21 the
1987 3076 118 26 organiza-

1619 3112 52 23 tion
1690 3113 29 21 of
1736 3112 78 22 world
1832 3119 77 20 peace
1926 3112 80 22 which
2021 3112 30 22 he
2068 3112 50 22 and

1619 3149 59 22 nine
1698 3149 73 23 other
1790 3148 102 27 bishops
1911 3147 28 22 of
1958 3148 41 22 the
2018 3147 100 23 Church

1619 3185 24 21 in
1669 3184 43 22 the
1738 3184 96 22 United
1861 3184 85 22 States
1971 3183 87 28 signed
2085 3190 33 16 on

1618 3221 73 26 April
1707 3221 38 21 15.

2236 227 148 36 Softball
2410 226 170 46 Standing

2432 278 53 17 Won
2501 278 50 15 Lost
2581 276 45 17 Pet.

2181 303 53 16 Dent
2250 301 64 18 Frosh
2454 301 12 15 4
2509 301 14 14 O
2567 299 59 16 1.000

2181 323 204 20 Junior-Pharmacy
2412 323 110 15 .30
2566 322 60 15 1.000

2181 347 53 16 Dent
2254 346 83 17 Seniors
2454 346 13 14 2
2511 345 7 15 1
2579 344 47 15 .666

2181 369 54 16 Dent
2249 368 66 19 Sophs
2457 368 6 14 1
2512 367 6 14 1
2587 366 39 15 500

2181 390 54 17 Dent
2253 390 85 17 Juniors
2456 390 7 14 1
2510 389 12 15 3
2580 388 46 15 .250

2181 413 50 16 A&S
2254 413 66 18 Sophs
2454 413 13 14 0
2510 411 12 15 3
2580 410 46 16 .000

2181 435 50 15 A&S
2254 434 66 16 Frosh
2454 434 13 14 0
2510 434 12 14 3
2580 432 46 15 .000

2153 516 233 64 Dental
2418 513 204 75 Sophs

2156 605 127 59 Win
2312 604 275 71 Tourney

2189 683 51 21 The
2273 682 92 22 Dental
2398 680 170 27 Sophomores
2599 686 55 15 won

2153 719 43 22 the
2223 716 152 26 Intramural
2402 715 142 25 basketball
2571 715 68 22 cham-

2155 754 116 27 pionship
2294 754 50 22 last
2368 753 70 23 week
2463 753 33 27 by
2521 752 134 24 defeating

2138 781 2 35 :
2154 790 43 23 the
2217 792 22 21 A
2261 790 20 22 &
2301 791 16 22 S
2339 790 67 26 Soph
2428 789 66 22 Reds
2515 789 32 22 32
2567 790 27 20 to
2615 788 39 21 24.

2156 826 50 22 The
2235 826 81 22 Dents
2340 826 61 22 took
2429 824 100 24 control
2557 824 29 22 of
2612 824 43 22 the

2154 870 73 17 game
2251 862 71 26 early
2347 862 25 22 in
2396 861 44 23 the
2465 861 61 22 first
2550 862 105 24 quarter

2155 898 48 22 and
2217 898 61 27 kept
2289 898 20 22 it
2322 897 65 23 until
2399 897 51 23 late
2464 897 24 21 in
2500 896 44 23 the
2556 896 99 26 fourth,

2155 934 71 22 when
2249 934 42 22 the
2314 934 69 26 Soph
2405 933 66 22 Reds
2493 932 74 22 made
2589 931 66 22 their

2156 970 59 21 first
2230 970 42 22 bid
2287 972 26 19 to
2327 970 50 21 win
2390 969 44 22 the
2449 975 82 20 game.
2548 969 50 21 But
2612 968 43 22 the

2155 1006 67 22 Dent
2239 1006 82 26 Sophs
2337 1005 49 22 had
2403 1008 44 19 too
2465 1004 74 23 much
2557 1003 84 27 experi-

2154 1049 62 14 ence
2232 1042 50 22 and
2299 1042 60 27 they
2376 1041 90 22 staved
2482 1041 43 21 off
2542 1040 43 23 the
2603 1040 52 21 Red

2154 1078 139 26 challenge.

2189 1113 60 23 Rios
2273 1120 52 15 was
2350 1113 59 26 high
2434 1119 87 16 scorer
2545 1111 43 23 for
2613 1112 42 22 the

2155 1151 67 21 Dent
2236 1149 81 28 Sophs
2332 1150 50 22 and
2398 1148 145 23 Eberhardt
2556 1148 41 22 led
2612 1147 42 23 the

2155 1185 72 22 Reds.
2248 1186 68 22 Each
2335 1185 74 22 made
2430 1185 30 22 10
2478 1185 93 26 points.
2592 1185 48 21 Sun-

2138 1220 2 27 ;
2153 1222 49 22 seri
2231 1222 48 22 and
2308 1221 75 26 Kelly
2410 1220 53 23 tied
2492 1220 43 22 for
2561 1220 93 22 second

2153 1258 101 26 scoring
2273 1258 94 21 honors
2386 1257 61 22 with
2466 1262 77 17 seven
2561 1257 92 27 points.

2185 1294 146 22 Eberhardt
2342 1294 50 23 and
2405 1293 67 26 Rios,
2485 1291 99 24 besides
2595 1293 45 21 win-

2153 1331 62 26 ning
2239 1330 174 26 high-scoring
2436 1329 102 26 honors,
2563 1328 91 28 played

2149 1367 65 26 good
2240 1367 71 22 floor
2337 1372 88 20 games
2451 1365 44 24 for
2521 1365 67 23 their
2614 1371 26 15 re-

2148 1403 112 26 spective
2280 1405 91 20 teams.
2411 1403 71 21 Time
2504 1402 50 22 and
2576 1401 75 27 again

2154 1439 58 22 Rios
2223 1439 66 22 stole
2302 1439 43 22 the
2360 1439 50 22 ball
2424 1439 50 22 and
2488 1438 79 23 broke
2581 1439 72 21 down

2148 1476 42 22 the
2206 1476 69 22 floor
2290 1477 43 21 for
2348 1483 32 15 an
2398 1482 61 21 easy
2475 1475 64 22 shot.
2575 1474 62 23 Eber-

2149 1512 96 22 hardt's
2263 1512 121 26 shooting
2402 1512 63 26 kept
2482 1511 39 22 his
2539 1512 68 20 team
2626 1511 25 21 in

2147 1549 42 22 the
2207 1548 51 22 ball
2275 1555 82 20 game.
2393 1548 39 21 He
2448 1548 61 21 took
2526 1547 43 22 the
2586 1549 66 19 most

2147 1585 70 21 shots
2235 1583 43 23 for
2298 1584 39 21 his
2356 1588 68 19 team
2445 1583 50 22 and
2515 1583 73 21 made
2609 1583 43 21 the

2149 1622 105 26 greater
2280 1621 59 26 part
2366 1620 29 22 of
2421 1620 78 22 them.
2546 1619 105 22 Sunseri

2148 1659 49 21 and
2220 1656 74 28 Kelly
2316 1657 55 22 also
2394 1655 91 27 played
2509 1656 45 26 top
2576 1655 76 22 notch

2148 1693 69 22 floor
2239 1699 94 21 games.
2376 1692 75 27 Kelly
2475 1692 42 21 did
2540 1698 15 15 a
2577 1693 75 24 great

2137 1726 1 31 ,
2148 1731 58 26 part
2226 1728 30 23 of
2276 1729 42 22 the
2341 1727 157 23 back-board
2518 1728 69 21 work
2609 1726 44 22 for

2148 1765 41 23 the
2213 1766 81 20 Dents
2316 1764 74 22 while
2414 1763 128 23 Sunseri's
2563 1763 75 22 defen-

2137 1798 1 30 !
2148 1802 52 23 sive
2224 1801 60 27 play
2309 1801 61 27 kept
2396 1800 43 22 the
2466 1798 66 23 Reds
2558 1799 24 22 in
2608 1799 44 22 the

2137 1837 1 27 i
2148 1837 119 27 running.

2187 1874 52 22 The
2276 1874 68 23 Dent
2380 1873 171 27 Sophomores
2587 1877 66 17 were

2137 1908 1 29 ;
2148 1909 118 23 awarded
2296 1909 59 27 gold
2385 1908 98 23 medals
2514 1908 43 22 for
2586 1908 67 23 their

2137 1945 1 29 J
2147 1945 192 28 championship
2353 1946 57 22 win.

2323 1989 53 17 BOX
2396 1989 83 17 SCORE

2170 2012 110 17 DENTAL
2292 2011 85 18 SOPHS
2467 2010 51 18 AAS
2533 2010 68 17 REDS

2286 2033 30 20 flf
2333 2033 22 20 ff
2371 2036 23 17 tp
2547 2031 31 22 flf
2595 2032 22 21 fg
2633 2034 22 18 tp

2154 2056 65 17 Davis
2300 2057 13 15 0
2343 2056 53 16 12
2413 2054 77 18 Laufer
2560 2057 12 13 O
2603 2056 8 15 1
2643 2055 12 15 2

2152 2078 89 17 Alcover
2297 2080 14 15 0
2340 2079 12 15 4
2382 2079 13 15 8
2412 2076 116 18 Eberhardt
2559 2078 13 15 O
2601 2077 13 16 5
2630 2077 25 16 10

2153 2101 48 16 Rios
2297 2102 14 15 O
2340 2100 12 16 8
2369 2101 26 15 10
2411 2099 71 17 Cruah
2561 2099 7 15 1
2601 2100 14 14 O
2645 2100 7 14 1

2152 2122 96 17 Bertucci
2297 2123 14 16 0
2341 2123 53 15 12
2412 2121 86 17 Sunseri
2559 2121 13 16 3
2600 2121 13 15 2
2642 2121 13 15 7

2153 2145 55 19 Levy
2298 2145 14 15 0
2340 2145 13 15 0
2382 2144 14 15 0
2412 2143 102 17 Hoffman
2560 2144 12 14 2
2603 2144 52 14 14

2153 2166 60 20 Kelly
2298 2167 8 15 1
2339 2167 13 15 3
2380 2167 13 14 7

2149 2187 73 21 Ashby
2300 2189 7 14 1
2342 2189 7 15 1
2382 2188 13 15 3

2152 2210 67 17 Smith
2298 2211 13 15 0
2340 2211 14 14 0
2382 2211 14 14 0

2178 2253 72 17 Totals
2298 2255 12 14 2
2329 2254 23 15 IS
2368 2254 26 16 32
2439 2252 72 18 Totals
2558 2254 13 16 8
2600 2253 13 16 9
2628 2253 27 16 24

2151 2324 66 47 Six
2245 2326 163 46 Teams
2437 2325 131 45 Enter

2150 2387 251 61 Volleyball
2424 2387 141 47 Meet

2189 2461 61 27 Play
2272 2460 25 22 in
2320 2460 43 22 the
2385 2460 153 22 intramural
2560 2458 80 26 volley-

2153 2497 51 21 ball
2226 2499 166 19 tournament
2412 2495 50 22 will
2484 2495 75 26 begin
2581 2494 54 23 Wed-

2154 2532 95 26 nesday
2273 2532 61 21 with
2359 2538 87 20 games
2470 2531 116 21 between
2610 2531 43 21 the

2153 2568 65 22 A&S
2234 2568 79 21 Frosh
2327 2568 49 21 and
2392 2567 93 22 Dental
2501 2566 89 27 Sophs,
2603 2566 50 22 and

2153 2604 64 22 A&S
2235 2604 81 27 Sophs
2332 2604 50 21 and
2398 2603 93 23 Dental
2507 2603 111 23 Seniors.

2186 2640 53 22 The
2268 2642 168 20 tournament
2463 2638 51 23 will
2543 2645 48 15 run
2620 2645 33 15 on

2152 2675 43 23 the
2213 2675 159 23 elimination
2392 2675 75 21 basis.
2488 2675 118 22 Winners
2625 2674 28 22 of

2152 2712 43 22 the
2210 2712 62 22 first
2286 2711 71 26 day's
2371 2717 88 20 games
2471 2710 52 22 will
2537 2710 60 27 play
2610 2709 43 23 the

2151 2750 51 19 two
2227 2749 84 20 teams
2333 2747 59 22 that
2416 2747 68 22 drew
2506 2746 70 27 byes.
2601 2745 52 23 The

2151 2783 58 22 best
2232 2786 51 20 two
2307 2786 47 20 out
2375 2784 30 21 of
2428 2782 73 22 three
2527 2782 31 22 15
2581 2782 72 27 point

2150 2825 88 21 games
2254 2819 51 22 will
2321 2819 89 22 decide
2427 2819 43 22 the
2485 2819 119 21 winners.

2186 2855 53 22 The
2265 2857 83 20 teams
2373 2855 58 22 that
2455 2854 65 22 have
2546 2853 107 23 entered

2151 2898 44 15 are
2220 2891 44 22 the
2289 2891 114 22 A&S
2427 2890 83 26 Sophs
2533 2891 50 22 and
2609 2889 44 23 the

2151 2927 94 22 Dental
2272 2926 78 28 Soph,
2375 2926 113 26 Juniors,
2514 2926 50 22 and
2591 2925 47 22 Sen-

2151 2963 59 22 iors.
2227 2963 52 22 The
2296 2963 92 22 A&S
2404 2963 105 22 Juniors
2524 2962 50 23 and
2591 2963 46 21 Sen-

2150 2999 52 23 iors
2229 2999 51 22 and
2306 2999 44 22 the
2377 2999 141 25 Pharmacy
2544 2999 65 22 have
2637 3006 14 15 a

2150 3034 133 22 combined
2301 3037 76 19 team.

2147 3106 177 45 Choppin,
2349 3106 123 46 Wyble
2488 3107 79 34 Win

2147 3156 121 36 'Mural
2286 3156 117 36 Tennis
2419 3156 166 46 Openers

2183 3213 53 22 The
2260 3213 153 22 intramural
2436 3213 85 22 tennis
2545 3215 89 20 tourna-

2148 3251 71 21 ment
2231 3249 82 27 began
2325 3249 50 22 this
2387 3249 71 23 week
2469 3249 60 22 with
2540 3251 93 24 twenty-

2148 3292 49 15 one
2227 3285 115 22 entered.
2374 3285 33 22 So
2436 3285 43 22 far
2508 3285 60 27 only
2597 3286 51 21 two

2147 3329 88 19 games
2252 3323 62 21 have
2332 3321 64 23 been
2414 3321 99 28 played.
2532 3320 116 28 Choppin

2148 3357 122 22 defeated
2298 3357 92 22 Carter
2413 3356 51 23 and
2491 3356 89 28 Wyble
2607 3356 28 22 de-

2148 3393 89 22 feated
2258 3393 124 23 Leonard.

2182 3428 52 22 The
2266 3428 142 23 successful
2440 3428 207 27 reorganization

2148 3465 29 22 of
2192 3465 43 22 the
2251 3465 107 22 softball
2374 3465 90 26 league
2479 3465 71 26 gives
2565 3472 67 20 prom-

2148 3501 35 21 ise
2204 3500 30 22 of
2257 3501 164 27 cooperation
2443 3500 59 23 that
2523 3500 22 22 is
2565 3500 83 28 hoped

2147 3537 44 22 for
2210 3537 27 22 in
2256 3537 44 22 the
2320 3537 87 22 tennis
2426 3539 167 20 tournament
2622 3536 26 24 If

2147 3572 41 22 the
2230 3579 88 20 games
2358 3579 43 16 are
2440 3572 93 27 played
2573 3572 72 22 when

2147 3608 136 23 scheduled
2303 3608 43 23 the
2364 3610 167 21 tournament
2547 3608 52 23 will
2617 3609 31 22 be

2147 3644 143 27 completed
2311 3644 90 23 before
2422 3644 42 23 the
2485 3645 49 22 end
2555 3645 30 23 of
2603 3643 44 23 the

2147 3682 131 24 semester,
2292 3680 44 23 the
2349 3680 118 22 deadline
2479 3681 44 22 for
2535 3681 33 22 its
2581 3687 50 16 com-

2147 3716 103 27 pletion.

2679 175 327 96 'Mural
3057 171 553 100 Softballers

2679 300 283 110 Begin
3009 293 232 116 Play
3287 293 307 114 Again

2755 417 61 26 The
2847 417 194 31 reorganized
3074 414 178 28 intramural
3283 414 121 27 softball
3437 414 102 30 league
3570 413 134 32 snapped

2679 454 63 26 into
2766 453 54 27 life
2843 453 61 27 this
2929 451 81 29 week
3037 453 72 25 with
3134 452 84 30 eight
3241 458 102 23 games
3368 451 89 29 being
3482 449 114 32 played.
3641 449 63 26 The

2678 489 103 32 league
2798 489 160 31 originally
2975 491 51 28 got
3042 486 49 29 off
3106 490 30 24 to
3153 498 16 18 a
3187 487 56 27 bad
3261 489 78 24 start
3355 497 17 16 a
3388 486 60 27 few
3465 486 97 27 weeks
3578 494 56 23 ago
3651 486 54 26 but

2678 526 25 26 is
2722 533 66 19 now
2807 525 133 32 running
2958 524 156 32 smoothly.

2756 562 61 26 The
2841 561 153 26 combined
3019 560 74 27 A&S
3117 560 306 31 Juniors-Pharmacy
3447 560 79 25 team
3550 558 81 27 leads
3653 558 52 27 the

2681 598 49 26 list
2754 597 33 26 of
2810 598 138 26 winners.
2993 596 81 31 They
3098 604 65 18 won
3188 596 80 26 their
3291 596 66 26 first
3380 603 102 22 games
3507 595 96 26 which
3626 601 79 19 were

2679 634 104 31 played
2806 633 138 31 Monday,
2967 633 136 31 Tuesday
3123 633 57 26 and
3202 632 194 31 Wednesday.

2682 707 90 33 Dent
2789 707 136 34 Seniors
2944 706 104 34 Down
3068 704 99 36 Frosh

2717 756 52 22 The
2801 756 92 22 Dental
2924 756 102 22 Seniors
3057 753 122 24 trounced

2683 793 42 22 the
2739 794 22 21 A
2777 792 20 22 &
2815 792 16 22 S
2846 792 80 22 Frosh
2943 793 29 20 11
2989 794 26 19 to
3031 792 14 20 0
3062 791 101 21 Wednes-

2682 829 57 26 day.
2764 828 52 22 The
2840 828 80 22 Dents
2943 828 88 22 scored
3056 827 72 22 three
3153 826 26 23 of

2683 865 67 22 their
2763 864 83 23 tallies
2860 865 25 21 in
2899 863 43 23 the
2956 864 60 21 first
3031 863 89 26 inning
3131 863 48 22 and

2683 900 82 22 added
2788 906 70 16 more
2880 900 24 22 in
2927 900 43 22 the
2993 900 93 21 second
3109 899 70 21 while

2683 937 60 26 they
2759 936 57 23 held
2832 936 43 22 the
2891 936 79 22 Frosh
2986 935 129 22 scoreless.

2679 1007 341 47 Juniors-Pharmacy
3037 1008 79 35 Win

2718 1059 107 25 Scoring
2843 1065 77 15 seven
2937 1058 29 22 of
2985 1057 67 22 their
3073 1058 27 21 11
3120 1063 59 16 runs

2683 1095 25 21 in
2730 1094 42 22 the
2794 1094 68 22 third
2885 1093 96 27 inning,
3004 1093 43 22 the
3067 1093 112 22 Juniors-

2683 1131 140 26 Pharmacy
2864 1130 126 26 swamped
3030 1128 43 23 the
3114 1129 65 25 Soph

2683 1167 80 21 Dents
2786 1167 28 21 11
2838 1168 27 19 to
2885 1167 14 20 4
2921 1165 169 26 Wednesday.
3130 1165 49 22 The

2682 1203 81 22 Dents
2784 1202 90 22 scored
2898 1202 67 22 their
2987 1201 61 22 four
3072 1207 61 16 runs
3155 1201 24 22 in

2682 1238 42 23 the
2741 1238 89 22 fourth
2846 1238 49 22 and
2912 1237 64 22 fifth
2992 1238 104 21 frames.

2678 1310 88 36 A&S
2786 1309 112 47 Sophs
2919 1309 179 36 Defeated

2716 1361 59 21 Two
2797 1360 89 26 triples
2908 1360 78 22 drove
3008 1360 23 21 in
3056 1358 42 23 the
3120 1359 45 21 win-

2681 1397 62 26 ning
2766 1403 61 16 runs
2850 1397 43 21 for
2917 1396 42 22 the
2984 1397 69 21 Dent
3075 1395 104 22 Juniors

2681 1432 161 27 Wednesday
2856 1440 28 15 as
2901 1432 60 26 they
2977 1431 82 27 edged
3075 1433 45 20 out
3136 1430 43 22 the

2680 1468 102 23 A&S
2802 1469 80 26 Sophs
2903 1469 14 22 5
2937 1470 27 21 to
2984 1468 22 22 4.
3027 1468 52 21 The
3100 1467 79 22 Dents

2681 1504 87 23 tallied
2783 1505 62 21 four
2860 1505 28 21 of
2902 1504 68 22 their
2985 1504 53 22 five
3055 1503 84 22 marks
3155 1504 24 20 in

2680 1541 43 22 the
2743 1541 61 22 first
2822 1541 90 25 inning
2930 1541 50 21 and
3000 1540 42 22 the
3062 1540 74 22 other
3154 1540 25 21 in

2680 1577 43 22 the
2744 1576 77 22 third.

3207 712 85 34 A&S
3313 710 112 46 Sophs
3446 711 84 34 Lose
3551 712 115 42 Again

3244 769 52 22 The
3319 768 108 23 A&S
3450 767 259 26 Juniors-Pharmacy

3210 805 153 27 thoroughly
3386 804 122 23 defeated
3533 803 42 23 the
3600 802 109 23 A&S

3210 841 81 27 Sophs
3305 842 29 21 13
3348 843 26 19 to
3385 841 14 21 5
3412 839 126 27 Tuesday.
3550 839 71 28 They
3633 840 65 21 start-

3197 877 1 30 j
3209 878 32 22 ed
3268 877 60 22 with
3356 877 67 21 their
3450 878 146 23 customary
3625 880 85 22 power

3208 914 50 22 and
3279 913 89 22 before
3389 912 43 22 the
3452 919 72 18 game
3545 911 81 22 ended
3648 911 61 27 they

3197 941 1 34 '
3209 950 49 22 had
3273 949 109 22 touched
3397 949 43 21 the
3457 949 66 25 Soph
3540 947 111 28 pitchers
3666 948 44 22 for

3212 986 29 21 13
3256 985 57 23 hits.

3208 1065 106 34 Dents
3334 1062 95 47 Edge
3450 1064 74 35 Out
3543 1062 112 47 Sophs

3244 1114 52 22 The
3310 1114 94 22 Dental
3419 1114 79 21 Frosh
3514 1113 77 21 nosed
3606 1115 45 19 out
3666 1112 43 22 the

3197 1135 1 48 |
3208 1151 22 22 A
3247 1150 21 22 &
3285 1151 16 22 S
3318 1149 81 27 Sophs
3416 1151 13 20 2
3447 1153 26 18 to
3490 1150 11 21 1
3519 1148 118 26 Monday.
3655 1148 53 22 The

3197 1183 1 25 I
3209 1186 80 22 Dents
3315 1186 89 22 scored
3431 1186 68 21 their
3525 1191 62 16 runs
3612 1184 25 22 in
3665 1183 42 23 the

3197 1220 1 26 I
3208 1223 67 22 third
3291 1222 49 22 and
3356 1221 88 22 fourth
3460 1221 101 25 innings
3576 1220 73 22 while
3664 1220 43 22 the

3208 1258 95 23 A&S
3321 1258 81 26 Sophs
3419 1257 87 22 tallied
3524 1257 81 22 theirs
3621 1257 23 21 in
3664 1255 42 22 the

3208 1294 71 22 fifth.

3205 1374 135 34 Juniors
3357 1373 85 35 Lose
3459 1373 149 45 Opener

3241 1431 52 23 The
3318 1430 106 22 A&S
3448 1430 257 25 Juniors-Pharmacy

3206 1474 56 16 won
3278 1474 61 15 over
3353 1467 43 22 the
3413 1467 67 21 Dent
3495 1466 104 22 Juniors
3615 1465 32 26 by
3662 1464 47 23 the*

3206 1510 71 15 score
3300 1504 29 21 of
3354 1504 27 20 11
3405 1505 27 19 to
3454 1504 13 20 9
3492 1502 119 25 Monday.
3653 1502 52 22 The

3207 1540 79 22 Dents
3305 1539 66 23 tried
3390 1539 86 26 vainly
3496 1539 25 21 in
3539 1538 44 22 the
3601 1538 50 22 last
3670 1537 24 22 in-

3207 1576 62 26 ning
3281 1578 26 19 to
3321 1581 133 16 overcome
3467 1574 44 22 the
3523 1574 168 22 Junior-Phar-

3206 1618 73 20 macy
3294 1611 56 22 lead
3366 1611 45 22 but
3423 1610 60 26 they
3497 1610 46 22 fell
3558 1609 72 23 three
3644 1616 62 16 runs

3206 1648 71 21 short
3295 1647 29 21 of
3341 1647 43 22 the
3402 1646 79 22 mark.

3205 1726 91 35 Dent
3312 1724 113 47 Sophs
3442 1725 104 35 Down
3566 1724 100 36 Frosh

3242 1776 52 22 The
3321 1776 80 22 Dents
3429 1774 80 27 Sophs
3536 1775 89 21 scored
3653 1773 53 23 five

3207 1819 62 15 runs
3289 1812 24 22 in
3334 1811 43 22 the
3397 1811 49 22 last
3467 1811 90 27 inning
3575 1812 26 21 to
3622 1811 49 22 win
3692 1811 14 21 9

3208 1850 26 20 to
3260 1850 14 20 7
3302 1848 110 26 Monday
3439 1854 60 15 over
3523 1847 44 22 the
3593 1846 114 22 A&S

3208 1884 86 22 Frosh.
3312 1884 52 22 The
3381 1883 79 22 Frosh
3477 1883 48 22 had
3542 1883 66 22 built
3623 1889 35 21 up
3674 1888 32 17 an

3208 1920 69 26 early
3295 1920 56 22 lead
3370 1921 45 21 but
3433 1919 73 22 could
3525 1922 46 19 not
3588 1921 56 25 stop
3662 1918 44 23 the

3208 1956 79 21 Dents
3304 1956 102 26 scoring
3423 1961 80 21 spree.

2678 1655 100 36 Frosh
2796 1656 90 40 Win,
2907 1655 100 35 Frosh
3027 1656 86 34 Lose

2714 1705 52 23 The
2792 1705 68 23 Dent
2883 1706 80 22 Frosh
2988 1705 122 22 defeated
3135 1705 56 28 the;

2679 1742 22 22 A
2717 1742 22 22 &
2756 1742 16 22 S
2788 1742 78 22 Frosh
2883 1742 14 21 6
2913 1743 26 20 to
2954 1742 13 21 3
2984 1741 125 26 Tuesday.
3126 1739 64 28 The!

2679 1778 22 22 A
2722 1778 20 22 &
2763 1778 16 22 S
2799 1778 62 27 boys
2878 1778 106 27 jumped
3002 1779 27 20 to
3048 1784 15 16 a
3083 1778 14 22 3
3116 1778 27 21 to
3164 1778 14 20 0
3189 1772 2 33 i

2679 1815 57 22 lead
2758 1815 24 21 in
2803 1814 43 22 the
2868 1813 62 22 first
2950 1813 97 26 inning,
3067 1813 47 22 but
3135 1813 43 22 the

2682 1851 79 21 Dents
2775 1849 91 28 stayed
2880 1850 25 21 in
2920 1850 43 21 the
2977 1856 73 21 game
3066 1849 32 26 by
3112 1855 55 16 scor-

2680 1888 44 26 ing
2736 1888 14 21 2
2766 1893 61 16 runs
2843 1886 25 22 in
2882 1885 44 24 the
2941 1887 63 21 next
3018 1886 91 21 frame.
3126 1884 52 22 The
3190 1882 2 32 '

2682 1923 81 21 Dents
2777 1921 56 23 iced
2846 1921 43 23 the
2904 1927 74 21 game
2993 1921 25 22 in
3032 1921 44 22 the
3090 1920 91 23 fourth

2684 1959 89 26 inning
2792 1958 32 27 by
2843 1958 103 27 scoring
2964 1958 62 22 four
3043 1964 68 15 runs.

3680 93 17 26 3

1400 111 82 26 THE
1505 109 156 28 LOYOLA
1683 109 180 30 MAROON,
1884 108 160 30 FRIDAY,
2067 108 119 27 APRIL
2207 108 46 29 27,
2275 107 71 26 1945

1102 1451 226 57 Contest

1163 1540 157 25 (Continued
1342 1539 67 22 from
1432 1539 66 25 Page
1519 1539 25 25 1)

1624 3309 150 64 Bond
1811 3317 157 55 Drive

1681 3390 157 26 (Continued
1859 3390 67 22 from
1949 3390 66 24 Page
2036 3390 27 25 1)

99 2384 205 58 Schott
327 2393 52 48 &
403 2386 106 55 Co.

211 2465 186 36 Incorporated

207 2530 194 32 Wholesale

102 2594 181 41 FRESH
311 2593 195 42 MEATS

110 2677 209 32 Institutions
334 2675 163 48 Supplied

79 2764 62 22 1701
160 2760 114 32 Poydras
290 2760 34 25 St.
390 2761 56 24 RA.
464 2762 66 26 2387

633 2601 47 20 Mr.
729 2600 49 21 Jim
828 2600 92 24 Bonck,
969 2599 86 27 please

600 2627 48 22 call
671 2631 27 19 at
721 2634 48 15 our
792 2630 68 20 store
882 2628 51 22 and
957 2627 98 22 receive

599 2662 48 16 one
667 2655 29 22 of
716 2662 47 15 our
782 2655 101 22 famous
902 2655 75 25 $l.OO
998 2655 57 22 Ties

599 2683 108 22 without
726 2682 101 27 charge.

640 2725 242 36 Rubensrein
909 2724 104 36 Bros.

668 2773 67 18 •THE
749 2773 85 18 STORE
848 2772 50 18 FOR

679 2794 63 19 Canal
755 2795 78 18 Corner
846 2794 28 18 St.
888 2794 86 18 Charlu

134 2922 20 17 J.
168 2922 23 17 B.
206 2922 89 17 EATON

161 2950 109 18 President

93 3007 23 19 C
133 3008 23 18 C.
175 3008 158 16 FRIEDRICHS

214 3037 59 16 utive

129 3063 52 20 Vtoa
191 3063 109 19 Plesidsnt

384 2901 240 32 COLUMBIA
647 2900 280 32 HOMESTEAD
953 2899 304 33 ASSOCIATION

385 2953 49 23 330
449 2948 160 26 Carondelet
624 2949 81 24 Street
1065 2946 67 25 New
1146 2945 114 26 Orleans

455 2999 61 25 Buy,
540 3000 84 25 repair
645 3006 30 14 or
695 3001 122 18 renovate
838 3004 64 19 your
922 2996 74 22 home
1019 2997 108 24 through
1151 3004 37 13 us.

589 3041 87 24 Repay
693 3048 32 13 on
743 3037 115 27 monthly
875 3037 179 23 installments.

676 3081 66 21 BUY
761 3081 76 21 WAR
855 3079 109 24 BONDS

1347 2906 20 15 1..
1386 2905 23 17 B.
1425 2905 105 17 GIRAUD

1351 2934 171 18 Vice-President

1316 2976 100 17 JOSEPH
1432 2976 123 17 SINCLAIR

1349 3004 172 19 Vice-President

1321 3047 74 17 IRVIN
1409 3048 22 16 l_
1443 3047 106 17 DUSSOM

1379 3078 110 20 Secretary

333 3834 264 42 ARROWS

382 3910 56 44 for
453 3912 94 30 Your

419 3969 91 30 Beau

218 4039 149 35 Two-piece
379 4046 69 27 spun

489 4081 82 27 rayon
587 4075 127 24 Rossman

218 4111 82 25 fabric
319 4110 51 26 suit
389 4109 27 25 in

443 4152 87 27 green,
549 4152 71 27 gray,
638 4144 76 26 black

218 4191 32 16 or
269 4181 71 34 royal
360 4180 63 25 with
443 4180 79 25 white

489 4224 98 16 arrows
602 4215 57 25 that
676 4215 39 25 hit

220 4263 14 15 a
246 4252 65 34 high
324 4252 71 24 mark
407 4252 26 24 in
447 4251 106 24 fashion
565 4270 6 5 .
585 4270 6 5 .
604 4270 6 5 .

372 4301 60 22 Sizes
448 4301 25 21 12
487 4305 24 18 to
526 4301 28 21 20

309 4357 111 26 Holmes
434 4356 104 34 Budget
552 4356 72 34 Shop

217 4394 100 26 Second
335 4395 78 23 Floor
640 4394 72 24 10.95

545 4684 99 41 V*V**

2198 3793 48 21 Mr.
2283 3794 76 20 Dario
2396 3793 105 25 Ballino,
2539 3793 84 28 please

2165 3820 49 23 call
2236 3823 28 20 at
2288 3827 48 17 our
2358 3824 69 19 store
2452 3821 49 22 and
2525 3821 100 22 receive

2165 3855 48 16 one
2234 3848 29 22 of
2281 3854 49 16 our
2350 3848 102 22 famous
2473 3848 73 26 $l.OO
2568 3849 57 23 Ties

2164 3876 108 22 without
2288 3876 101 26 charge.

2205 3911 243 35 Rubenstein
2477 3911 104 36 Bros.

2314 3958 86 18 STORE
2415 3958 51 18 FOR

2244 3981 64 17 Canal
2321 3981 77 17 Corner
2413 3982 28 15 St.
2456 3981 87 17 Charles

2323 4263 256 92 jfy*m

2162 4441 180 57 JtSte?

1679 4048 138 47 Loyola
1850 4047 199 38 Cafeteria

1717 4126 96 24 Where
1828 4125 47 24 All
1890 4124 123 25 Students

1637 4343 95 26 Smoke

1699 4400 65 41 EL
1783 4398 243 42 TRELLES

1966 4465 125 26 CIGARS

1736 4645 203 38 Davidson
1972 4643 145 37 Dental
2150 4642 154 44 Supply
2335 4641 73 38 Co.
2443 4642 78 37 Inc.

1791 4710 103 28 Dental
1912 4709 129 32 Supplies
2057 4723 41 14 —r
2171 4706 104 28 Dental
2293 4706 170 32 Equipment

1826 4762 67 27 New
1910 4761 129 30 Orleans,
2056 4760 48 26 La.
2180 4759 183 31 Shreveport,
2380 4757 49 27 La.

2012 4805 132 29 Jackson,
2162 4805 76 25 Miss.

3136 2070 117 33 SUITS
3286 2069 84 31 THE

2921 2201 114 45 THE
3070 2198 131 47 BEST
3235 2198 239 46 DRESSED

2969 2280 127 46 MEN
3129 2280 161 46 WEAR
3322 2313 13 13 .
3366 2313 14 13 .
3410 2262 33 66 ?

2884 2739 93 43 The
2998 2738 128 45 Most
3149 2738 179 44 Talked
3347 2736 162 46 About

2829 2817 225 57 Clothing
3078 2818 171 45 Values
3268 2819 52 43 In
3339 2818 218 44 America

3070 3091 50 20 924
3134 3090 115 21 CANAL
3262 3090 47 22 ST.

2897 3274 573 55 TYPEWRITERS

3041 3358 119 43 FOR
3190 3358 136 43 SALE

2897 3465 160 31 Available
3070 3466 52 41 for
3137 3465 175 31 Immediate
3327 3465 145 42 Delivery

2845 3528 242 32 Reconditioned
3103 3528 61 31 and
3181 3528 123 32 Rebuilt
3319 3528 204 43 Typewriters

2842 3615 240 45 Remington
3281 3615 246 37 Underwood

2863 3671 202 37 Noiseless
3282 3671 36 37 L.
3336 3670 44 37 C.
3399 3671 127 37 Smith

3050 3719 81 45 $49
3162 3726 42 31 to
3234 3719 79 45 $B5

2961 3770 4 12 t

3041 3811 77 37 WE
3152 3812 174 36 REPAIR

2849 3860 223 41 Typewriters
3091 3861 67 31 and
3178 3860 137 41 Adding
3338 3861 181 33 Machines

2842 3944 121 35 Stapling
2981 3944 138 25 Machines
3453 3945 77 28 $1.50

2842 4001 137 35 Fybrglass
2993 4002 102 24 Erasers
3483 4004 47 24 50c

2842 4058 131 26 Printator
2988 4058 91 34 Magic
3093 4058 119 34 Writing
3228 4058 53 26 Pad
3453 4058 75 29 $1.25

2841 4115 78 25 Short
2935 4115 106 35 Typing
3057 4115 99 25 Course
3174 4115 88 25 Books
3452 4115 78 29 $l.OO

2958 4179 127 29 Ribbons,
3101 4179 105 25 Carbon
3221 4179 53 25 and
3289 4179 121 35 Supplies

2759 4257 234 33 AMERICAN
3013 4257 198 34 WRITING
3228 4257 210 33 MACHINE
3456 4257 153 34 STORES

2738 4308 49 25 139
2805 4306 159 25 Carondelet
3157 4306 51 25 Est.
3230 4309 65 22 1880
3490 4306 56 25 RA.
3566 4306 65 28 5345

2895 4737 131 27 EVERY
3050 4737 153 27 BOTTLE
3226 4737 230 27 STERILIZED

2840 4804 28 27 It
2884 4803 68 27 Had
2969 4804 40 26 To
3025 4805 42 26 Be
3085 4803 81 28 Good
3184 4803 39 28 To
3239 4804 56 28 Get
3313 4804 104 27 Where
3436 4805 27 26 It
3480 4806 30 26 Is
