3823 5118
1150 207 296 183 The
1494 200 545 207 Loyola
2090 198 589 185 Maroon

78 447 124 28 Volume
217 449 96 30 XXII,
375 449 20 26 X
395 449 61 26 257

1310 444 156 27 LOYOLA
1490 442 258 30 UNIVERSITY,
1772 441 92 28 NEW
1887 441 195 30 ORLEANS,
2106 440 69 30 LA.,
2198 439 123 27 APRIL
2342 440 45 29 27,
2413 439 70 27 1945

3607 428 54 25 No.
3685 428 34 25 23

211 1285 67 22 SAM
297 1285 138 22 CIOLINO

189 1322 60 20 Beat
264 1322 108 20 Dressed
387 1321 64 21 Male

160 2252 157 22 GREGORY
330 2252 143 22 CHOPPIN

181 2290 66 19 Most
263 2289 109 24 Popular
389 2289 65 20 Male

138 3175 123 22 ELAINE
282 3171 209 24 MOULEDOUX

182 3213 66 20 Moit
266 3212 91 21 Active
375 3209 68 22 Coed

135 4136 149 22 CORINNE
306 4135 179 22 KNOBLOCH

253 4172 114 21 Wittiest

704 1286 94 22 MARY
810 1285 63 22 LEE
888 1285 90 22 KEMP

739 1323 122 21 Prettiest
876 1322 69 21 Coed

655 2259 166 22 MARJORIE
836 2257 184 23 ZOLLINGER

704 2296 59 20 Best
778 2294 110 22 Dressed
903 2295 69 21 Coed

655 3157 141 22 SHIRLEY
817 3157 195 23 ROBICHAUX

697 3194 66 21 Moit
778 3194 110 24 Popular
902 3194 68 21 Coed

707 4136 78 22 PITO
795 4136 33 22 DI
842 4135 116 23 GUILIO

704 4173 66 20 Most
791 4173 88 19 Active
899 4171 65 21 Male

1244 1297 68 22 SAM
1327 1296 162 22 FOREMAN

1147 1335 61 22 Best
1224 1334 112 23 Athlete,
1354 1333 66 21 Most
1438 1330 143 23 Handsome

58 4300 134 46 Want
213 4299 61 46 To
300 4298 188 46 Dance?
513 4298 122 59 Bring
660 4299 119 45 Your
803 4298 116 46 Own
944 4298 133 46 Piano

166 4379 37 22 No
218 4384 72 17 extra
306 4379 104 24 clothe*,
425 4386 32 13 no
472 4378 117 26 dancing.
622 4378 38 22 No
676 4379 83 25 piano,
774 4387 33 12 no
821 4377 75 22 band.

164 4423 60 22 Two
240 4421 98 27 pound*
353 4422 28 20 of
396 4425 75 18 extra
485 4419 113 27 clothing
613 4420 50 21 will
677 4420 80 22 admit
773 4428 47 13 one
837 4419 106 23 *tudent
958 4424 27 18 to
1000 4419 43 22 the

97 4459 60 22 first
173 4457 97 26 weekly
285 4457 81 21 dance
382 4462 27 16 to
421 4456 32 22 be
469 4456 58 21 held
543 4456 24 21 in
583 4455 44 22 the
643 4455 104 22 (tudent
763 4460 88 17 center
866 4454 93 29 Friday
976 4455 68 22 from

91 4497 17 20 4
121 4503 58 17 p.m.
193 4498 26 17 to
232 4495 14 21 7
257 4501 60 17 p.m.
330 4492 73 22 while
417 4492 42 20 the
472 4491 122 21 donation
606 4490 30 23 of
649 4499 48 13 one
709 4492 78 24 piano
798 4491 51 22 will
862 4491 125 26 complete
999 4491 43 22 the

96 4539 135 16 necessary
248 4531 167 20 instrument*
432 4528 42 22 for
489 4528 44 21 the
549 4528 135 25 five-piece
699 4527 77 21 band.

165 4572 53 22 The
235 4572 61 27 juke
314 4572 49 21 box
381 4571 51 21 will
447 4570 31 23 be
495 4569 157 23 *ub»tituted
671 4568 42 23 for
731 4569 42 22 the
791 4569 67 22 band
875 4571 21 20 if
914 4579 16 13 a
948 4568 95 27 Loyola

95 4609 182 27 philantropist
292 4606 60 23 fails
367 4611 26 18 to
406 4610 105 23 present
525 4605 43 22 the
582 4605 84 27 piano.

166 4650 126 23 Members
309 4649 28 22 of
353 4649 83 26 Alpha
452 4649 29 22 Pi
497 4649 128 24 Omicron,
642 4649 97 20 service
756 4646 147 27 fraternity,
921 4648 56 22 who
993 4647 51 22 will

92 4695 109 18 sponsor
214 4687 44 20 the
273 4685 96 26 weekly
384 4685 93 21 dances
494 4685 24 20 in
534 4683 43 22 the
592 4687 95 21 center,
704 4683 64 25 hope
784 4683 54 22 that
855 4682 49 23 this
919 4683 61 22 first
994 4691 51 14 one

96 4723 51 22 will
277 4731 14 12 a
310 4729 100 14 success
428 4728 27 14 as
472 4729 17 13 a
505 4720 105 21 student
627 4720 209 24 entertainment,
854 4719 50 22 and
923 4720 50 21 will
991 4719 54 23 also

96 4760 59 27 help
168 4764 26 17 to
207 4758 92 23 collect
313 4766 15 13 a
343 4758 37 21 lot
394 4758 28 21 of
437 4755 96 23 clothes
549 4755 40 22 for
605 4754 42 23 the
775 4754 133 22 President
924 4755 39 22 Ed
977 4754 67 27 Levy

91 4794 64 23 said.

1114 1414 155 66 Girls'
1305 1420 218 69 Society

1113 1507 74 56 To
1221 1506 344 68 Reorganize

1156 1587 78 40 LSL,
1253 1587 140 35 Service
1411 1586 137 45 Group,

1153 1638 45 34 To
1219 1638 186 33 Nominate
1424 1634 159 37 Officers

1149 1701 96 27 You'll
1261 1710 48 18 see
1325 1699 110 33 Loyola
1449 1699 87 28 coeds
1552 1698 44 33 pol-

1111 1739 100 31 ishing
1242 1738 144 32 trophies,
1419 1736 123 34 putting;
1572 1743 38 26 up

1110 1775 92 31 signs,
1228 1775 58 27 and
1311 1774 138 32 working
1472 1782 37 18 on
1534 1781 57 19 com-

1109 1813 129 29 mittees,
1256 1812 84 26 when
1359 1810 133 27 Lambda
1509 1810 101 32 Sigma

1110 1849 120 30 Lamba,
1255 1848 84 32 girls'
1364 1848 114 27 service
1502 1847 93 27 sorori-

1111 1887 52 31 ity,
1190 1886 199 31 reorganizes.

1147 1929 222 32 Twenty-three
1407 1929 86 26 coeds
1529 1930 81 25 met

1109 1966 137 31 Tuesday
1268 1966 28 26 in
1318 1965 50 27 the
1390 1964 93 28 office
1504 1964 34 27 of
1559 1964 49 27 the

1113 2003 59 22 Rev.
1190 2003 89 22 Lester
1294 2002 27 23 F.
1336 2002 30 22 X.
1383 2001 98 27 Guterl,
1497 2001 59 26 S.J.,
1571 2008 26 15 as-

1112 2040 93 21 sistant
1230 2039 72 24 dean,
1328 2040 26 20 to
1379 2038 84 21 revive
1488 2037 42 22 the
1553 2036 43 22 dor-

1111 2076 72 21 mant
1205 2074 185 27 organization.
1423 2073 114 23 Officers
1559 2072 50 22 will

1112 2111 30 22 be
1158 2110 97 24 elected
1273 2110 49 22 and
1338 2110 73 27 plans
1427 2109 43 22 for
1485 2117 16 14 a
1517 2108 79 22 consti-

1112 2147 83 22 tution
1219 2146 86 22 drawn
1329 2152 33 21 up
1383 2148 27 20 at
1432 2146 42 22 the
1496 2145 114 25 meeting

1111 2185 63 20 next
1195 2182 117 26 Tuesday
1334 2182 23 22 in
1380 2181 95 22 Father
1497 2180 112 23 GuterPs

1111 2218 89 22 office.

1146 2262 178 22 Nominations
1351 2261 43 22 for
1419 2260 109 22 officers
1552 2266 56 16 are:

1110 2297 139 28 president,
1259 2296 89 23 Elaine
1360 2296 162 26 Mouledoux,
1535 2295 73 22 Irene

1113 2334 103 26 Campo,
1243 2333 50 22 and
1320 2333 114 22 Leonore
1462 2332 146 25 Gutierrez;

1109 2368 198 27 vice-president
1321 2368 91 22 Jennie
1431 2368 56 21 Mae
1503 2367 104 26 Firmin,

1111 2405 99 27 Shirley
1229 2404 154 25 Robichaux,
1402 2405 49 21 and
1471 2403 61 22 lone
1550 2402 44 23 Gol-

1110 2441 61 25 den;
1203 2440 136 26 recording
1370 2441 131 24 secretary
1532 2439 60 22 Jean-

1109 2478 54 21 ette
1187 2476 111 23 Mumme
1323 2476 49 23 and
1398 2474 209 23 Katherine

1109 2511 93 27 Spahr;
1240 2511 200 27 corresponding
1477 2512 130 24 secretary

1110 2548 87 22 Gloria
1231 2548 137 25 Bergeron,
1402 2547 78 24 Betty
1512 2545 94 26 Marks,

1109 2584 49 21 and
1173 2583 91 25 Madge
1280 2582 182 26 Prudhomme;
1476 2584 131 20 treasurer

1109 2619 109 26 Carolyn
1256 2618 105 25 Ficthel,
1400 2618 90 25 Madge
1528 2616 63 24 Prud-

1109 2654 106 26 homme,
1250 2654 140 26 Rosemary
1421 2653 101 26 Dillion,
1556 2653 50 23 and

1109 2691 108 24 Marilyn
1236 2691 95 21 Latter.

1143 2733 115 22 Officers
1281 2733 49 22 and
1353 2733 125 22 members
1501 2732 50 22 will
1573 2732 30 22 be

1107 2777 31 14 on
1157 2769 134 27 probation
1309 2769 43 21 for
1369 2776 14 14 a
1400 2769 98 21 certain
1516 2768 87 26 length

1107 2805 28 22 of
1154 2805 61 22 time
1237 2807 26 19 to
1285 2805 140 22 determine
1447 2804 66 22 their
1535 2804 57 26 eligi-

1106 2841 73 26 bility
1197 2841 42 21 for
1255 2840 176 27 membership,
1449 2840 50 22 and
1515 2841 88 24 hence,

1105 2877 61 27 they
1182 2883 44 15 are
1243 2876 154 27 tentatively
1412 2876 76 26 being
1505 2875 98 23 elected

1106 2915 26 19 to
1146 2912 90 22 office.

1140 2954 95 23 Father
1258 2954 98 27 Guterl,
1379 2954 108 22 assisted
1510 2954 33 26 by
1566 2953 37 23 Ed

1105 2991 76 27 Levy,
1220 2990 131 28 president
1389 2991 28 21 of
1455 2990 85 27 Alpha
1576 2990 26 21 Pi

1106 3027 127 25 Omicron,
1256 3027 97 21 service
1375 3026 150 27 fraternity,
1549 3032 41 21 pre-

1105 3063 78 22 sided.
1216 3063 108 22 Present
1353 3062 109 22 officers
1493 3062 110 26 Carolyn

1106 3098 75 27 Stier,
1203 3098 94 27 Loyola
1316 3098 107 27 Donely,
1444 3098 50 22 and
1515 3097 88 23 Elaine

1104 3134 131 23 LaCrouts
1260 3135 64 22 have
1349 3133 119 27 resigned
1493 3133 110 24 because

1106 3170 29 21 of
1165 3170 67 21 their
1263 3170 101 26 coming
1393 3169 154 26 graduation
1578 3169 25 22 in

1108 3206 65 26 May.

1106 3302 194 63 Theta
1332 3304 157 61 Beta

1107 3387 196 63 Elects
1336 3385 216 65 Heads

1141 3467 97 27 Evelyn
1264 3467 116 26 Maraist,
1405 3467 108 22 medical
1536 3466 56 23 tech-

1106 3503 94 27 nology
1220 3503 96 27 junior,
1337 3510 52 15 was
1409 3503 99 23 elected
1528 3503 65 27 presi-

1107 3539 62 22 dent
1183 3539 30 22 of
1228 3539 81 23 Theta
1325 3539 72 26 Beta,
1413 3539 116 22 national
1545 3539 45 22 hon-

1107 3582 76 20 orary
1201 3575 102 28 biology
1321 3576 104 26 society,
1444 3574 118 29 Tuesday
1579 3575 26 22 in

1108 3611 82 22 Bobet
1211 3611 59 22 hall.
1295 3611 49 22 She
1367 3611 120 22 succeeds
1510 3611 95 27 Loyola

1108 3647 106 27 Donely,
1227 3647 107 22 medical
1347 3646 153 27 technology
1512 3647 93 25 senior,

1107 3683 56 22 who
1177 3683 51 22 will
1242 3683 126 26 graduate
1383 3683 25 22 in
1424 3683 67 27 May.

1143 3726 79 22 Other
1259 3726 109 22 officers
1405 3726 98 22 elected
1539 3732 66 17 were

1109 3762 139 26 Georgette
1273 3762 107 25 Kontos,
1405 3761 108 22 medical
1536 3760 56 24 tech-

1107 3798 93 26 nology
1219 3798 158 26 sophomore,
1397 3797 208 27 vice-president;

1106 3832 72 23 Alice
1209 3832 95 27 Marks,
1335 3834 95 26 junior,
1463 3835 142 24 secretary;

1142 3876 23 22 It
1199 3882 53 16 was
1285 3876 150 22 announced
1469 3876 58 22 that
1561 3876 44 22 the

1107 3911 81 23 Theta
1204 3912 65 22 Beta
1284 3912 98 22 lecture
1398 3912 45 23 has
1457 3912 64 23 been
1537 3914 55 25 post-

1106 3948 83 26 poned
1209 3949 28 21 to
1257 3949 62 21 next
1339 3948 118 26 Monday,
1477 3948 51 22 and
1549 3948 56 22 that

1106 3983 43 22 the
1171 3983 96 23 annual
1290 3983 112 27 banquet
1422 3984 51 22 will
1495 3984 29 22 be
1547 3983 57 23 held

1107 4019 160 27 Wednesday
1292 4022 27 19 at
1344 4019 125 23 Caroinne
1496 4019 109 22 Dubar's

1105 4056 156 21 restaurant.

1106 4139 108 35 Music
1234 4139 166 37 Students
1420 4141 91 34 Give

1104 4186 102 37 Violin
1224 4189 69 35 and
1310 4190 107 35 Voice
1435 4189 129 36 Recital

1135 4244 64 23 Jack
1229 4245 96 26 Heller,
1358 4246 158 27 11-year-old
1545 4248 58 25 part

1101 4280 61 22 time
1194 4280 78 23 violin
1303 4282 113 26 student,
1448 4282 50 22 and
1528 4282 75 22 Doris

1101 4316 75 26 Roth,
1192 4317 63 27 lyric
1270 4324 118 20 soprano,
1405 4325 63 21 gave
1483 4325 16 15 a
1512 4318 90 22 recital

1106 4352 117 27 Tuesday
1237 4353 25 22 in
1276 4355 43 21 the
1334 4353 81 23 Music
1428 4354 93 22 school.

1137 4395 87 22 Heller
1246 4395 92 28 played
1359 4397 43 22 the
1423 4397 75 23 three
1518 4403 68 16 move-

1101 4433 83 20 ments
1207 4431 32 23 of
1569 4433 34 27 by

1101 4467 161 22 Wieniawski
1280 4468 49 22 and

1101 4503 33 28 by
1152 4504 128 21 Sarasate.

1136 4546 61 22 Miss
1213 4546 65 22 Roth
1294 4554 65 20 sang
1438 4548 37 21 Tu
1491 4547 111 22 M'Ami"

1101 4582 33 27 by
1149 4583 138 26 Pergolesi,
1303 4583 49 22 and
1533 4583 69 22 from

1101 4618 42 22 the
1163 4625 79 19 opera
1453 4619 34 28 by
1506 4620 81 22 Veran-

1101 4654 57 23 cini.
1190 4655 49 22 She
1252 4654 86 23 closed
1351 4655 43 22 the
1409 4661 120 21 program
1541 4655 61 22 with

1101 4690 72 23 three
1187 4690 144 26 selections,
1346 4691 69 22 "I've
1429 4691 70 23 Besn
1513 4691 72 22 Roam-

1186 4727 33 27 by
1243 4727 80 27 Horn,
1348 4727 107 22 "Who'll
1482 4728 55 26 Buy
1560 4727 44 27 My

1317 4762 33 28 by
1393 4764 119 25 German,
1555 4763 49 23 and

1102 4798 115 23 "What's
1240 4798 25 23 in
1289 4798 44 23 the
1355 4798 47 23 Air
1570 4798 34 28 by

1101 4834 80 23 Eden.
1475 4832 11 30 \

1647 534 574 117 Foreman
2302 514 491 135 Chosen
2871 526 258 117 Best
3200 506 509 154 Athlete,

1642 705 322 119 Most
2053 687 713 135 Handsome
2875 700 101 117 In
3085 695 496 120 Contest

3218 858 136 56 Miss
3388 857 175 68 Kemp

3218 933 181 65 Voted
3430 941 235 55 Prettiest

3217 1019 108 65 Girl
3353 1025 94 57 On
3474 1024 244 69 Campus

3255 1106 29 27 If
3305 1106 111 28 there's
3437 1113 58 24 any
3516 1105 71 26 coed
3608 1113 37 18 on
3667 1105 49 25 the

3212 1151 123 23 campus
3352 1142 100 26 whose
3467 1141 73 27 been
3558 1141 158 31 searching

3213 1179 51 27 for
3302 1188 18 18 a
3359 1179 75 31 good
3473 1178 112 26 athlete
3625 1177 91 26 who's

3214 1215 171 30 handsome,
3417 1214 72 26 then
3524 1214 70 26 Sam
3629 1213 70 27 Fore-

3214 1251 96 27 man's
3346 1251 54 27 her
3436 1258 77 19 man.
3553 1250 60 26 Not
3649 1249 67 31 only

3214 1296 62 18 was
3292 1288 35 26 he
3342 1287 109 26 chosen
3466 1287 50 26 the
3532 1287 78 25 most
3624 1285 74 27 hand-

3213 1331 81 19 some
3311 1323 76 27 male
3405 1323 30 26 in
3451 1322 50 28 the
3519 1322 110 26 annual
3647 1329 52 25 pop-

3215 1360 112 31 ularity
3355 1361 125 28 contest,
3510 1358 52 27 but
3589 1358 36 26 he
3655 1366 61 17 was

3218 1397 53 22 also
3286 1396 75 22 voted
3377 1396 42 22 the
3434 1395 57 22 best
3504 1394 97 23 athlete
3615 1396 28 20 at
3654 1394 47 26 Loy-

3218 1433 48 22 ola.
3296 1433 189 22 Preliminaries
3504 1437 67 16 were
3591 1431 57 22 held
3669 1430 47 23 last

3217 1469 72 22 week
3315 1468 49 23 and
3392 1468 111 21 winners
3531 1469 28 21 of
3587 1467 42 22 the

3346 1511 66 16 were
3444 1504 99 23 elected
3576 1503 66 23 from
3674 1502 42 23 the

3218 1542 61 22 first
3295 1542 52 21 five
3363 1540 149 23 candidates
3530 1541 23 20 in
3571 1540 62 22 each
3650 1541 53 20 cate-

3217 1585 72 20 gory.

3254 1621 71 27 Mary
3342 1622 49 21 Lee
3406 1621 81 27 Kemp
3503 1627 50 15 was
3566 1620 93 22 chosen
3674 1619 42 23 the

3205 1657 1 34 {
3217 1659 120 26 prettiest
3371 1658 50 25 girl
3457 1664 30 14 on
3525 1657 42 22 the
3604 1661 112 20 campus.

3217 1694 99 26 Polling
3338 1695 48 21 166
3405 1690 81 28 vofts,
3507 1693 44 21 her
3573 1698 143 21 runnerups

3216 1738 45 15 are
3282 1731 99 26 Shirley
3402 1729 147 26 Montreuil,
3570 1730 44 24 87;
3634 1728 82 23 Nellie

3217 1767 117 25 Arnoult,
3359 1767 45 25 45;
3426 1766 56 22 Lois
3505 1765 72 24 Weil,
3600 1765 44 26 25;
3665 1764 51 23 and

3217 1803 138 26 Rosemary
3372 1802 92 25 Dillon,
3483 1803 38 22 16.

3216 1848 51 21 Are
3286 1847 58 21 AUo
3363 1847 118 21 Winner*

3251 1883 80 23 Other
3349 1883 109 21 winners
3473 1889 44 15 are
3535 1882 57 21 Pito
3608 1881 30 21 Di
3658 1880 44 22 Gui-

3215 1919 41 26 lio,
3293 1921 66 20 most
3394 1919 82 22 active
3512 1918 78 25 male;
3626 1917 89 22 Elaine

3216 1955 162 25 Mouledoux,
3416 1957 66 19 most
3519 1954 84 21 active
3641 1953 75 26 coed;

3216 1991 115 27 Gregory
3360 1990 123 28 Choppin,
3514 1992 66 20 most
3609 1990 107 26 popular

3213 2027 76 25 male;
3324 2027 100 25 Shirley
3459 2025 154 26 Robichaux,
3648 2027 66 21 most

3205 2059 1 31 !
3215 2062 108 28 popular
3334 2062 75 26 coed;
3422 2062 103 22 Samuel
3537 2062 107 24 Ciolino,
3659 2061 57 23 best

3215 2100 102 21 dressed
3337 2099 78 25 male;
3437 2098 121 26 Marjorie
3579 2097 136 26 Zollinger,

3215 2135 57 22 best
3297 2134 103 22 dressed
3427 2134 74 26 coed;
3527 2134 50 22 and
3603 2134 112 22 Corinne

3216 2171 139 25 Knobloch,
3378 2170 105 22 wittiest
3504 2175 92 21 person
3618 2176 31 15 on
3671 2169 44 22 the

3215 2213 111 20 campus.

3250 2250 66 22 With
3336 2251 45 21 164
3398 2253 80 22 votes,
3493 2250 126 22 Foreman
3636 2249 79 27 easily

3214 2294 55 14 won
3289 2293 60 16 over
3366 2287 37 21 his
3421 2286 74 22 other
3511 2287 143 25 opponents
3671 2286 44 21 for

3214 2322 42 22 the
3272 2324 66 20 most
3354 2322 138 22 handsome
3508 2322 73 22 male.
3600 2322 99 22 Runner-

3214 2365 46 20 ups
3287 2365 43 15 are
3358 2358 108 22 William
3496 2358 146 25 Browning,
3670 2357 44 26 79;

3212 2394 67 22 John
3294 2395 77 25 Cone,
3385 2395 45 25 39;
3444 2394 96 22 Octave
3554 2394 160 25 Montagnet,

3214 2431 44 25 38;
3276 2431 49 21 and
3344 2430 121 26 Anthony
3485 2430 102 25 Cerimi,
3605 2431 40 21 20.

3249 2466 123 22 Foreman
3388 2466 117 22 received
3523 2467 44 21 141
3585 2467 72 20 votes
3670 2465 45 22 for

3212 2503 44 21 the
3279 2503 56 22 best
3356 2502 104 23 athlete.
3494 2502 154 27 Runnerups
3669 2508 45 16 are

3211 2538 87 22 James
3318 2537 134 26 Hultberg,
3472 2538 45 26 85;
3538 2538 82 26 Leroy
3640 2537 60 22 Choi-

3212 2573 44 26 let,
3273 2575 43 25 71;
3330 2575 51 21 and
3394 2573 66 22 John
3478 2573 112 25 Casteix,
3605 2573 41 22 29.

3247 2616 31 22 Di
3309 2616 84 22 Guilio
3422 2617 60 21 with
3516 2616 46 22 154
3595 2616 116 22 received

3211 2653 74 22 twice
3315 2653 43 22 the
3388 2652 108 23 number
3524 2653 29 22 of
3581 2654 73 21 votes
3683 2651 31 23 of

3211 2689 39 22 his
3282 2691 104 20 nearest
3417 2691 152 24 opponents,
3603 2687 109 23 Edward

3212 2725 67 26 Levy
3292 2725 49 22 and
3355 2725 87 22 James
3455 2725 28 22 D.
3499 2725 143 21 McGovern
3656 2725 55 21 who

3211 2761 116 22 received
3348 2762 43 24 74;
3410 2761 75 22 other
3504 2767 144 20 runnersup
3666 2765 45 17 are

3211 2797 98 22 Ronald
3323 2797 76 24 Senn,
3414 2797 40 25 21,
3467 2797 49 22 and
3532 2797 74 22 Louis
3619 2796 91 26 Grush,

3212 2833 38 22 18.

3246 2875 100 27 Polling
3360 2876 45 21 192
3418 2878 80 23 votes,
3512 2875 89 23 Elaine
3616 2875 80 22 Moule-

3211 2911 67 22 doux
3292 2911 97 22 walked
3404 2918 72 21 away
3491 2919 28 15 as
3532 2911 43 23 the
3590 2913 67 20 most
3670 2918 28 16 ac-

3207 2947 51 22 tive
3287 2947 69 22 coed.
3386 2947 154 26 Runnerups
3566 2954 44 16 are
3640 2947 55 22 Shir-

3210 2984 40 25 ley
3270 2983 156 26 Robichaux,
3446 2984 44 24 43;
3510 2983 75 22 Aline
3606 2982 103 26 Stubbs,

3210 3019 45 26 37;
3284 3019 75 26 Mary
3386 3018 49 23 Lee
3465 3018 89 27 Kemp,
3586 3018 45 27 32;
3659 3018 51 23 and

3209 3056 112 22 Theresa
3339 3055 102 26 Amato,
3461 3056 40 21 25.

3244 3091 116 27 Choppin
3373 3091 60 22 with
3449 3092 46 21 124
3510 3093 72 20 votes
3595 3097 55 15 won
3664 3092 47 21 out

3209 3127 80 27 easily
3306 3133 61 17 over
3384 3127 77 22 Dario
3481 3127 99 22 Ballina
3598 3127 55 22 who
3670 3133 27 16 re-

3209 3163 86 22 ceived
3323 3163 43 26 77;
3394 3163 30 22 Di
3451 3162 92 26 Guilio,
3572 3162 44 27 65;
3642 3161 67 23 Fred

3209 3198 132 28 Chaplain,
3355 3200 44 25 43;
3412 3200 50 22 and
3476 3199 85 22 Elmer
3573 3199 81 25 Scott,
3668 3199 40 22 28.

3243 3234 101 28 Shirley
3361 3234 149 23 Robichaux
3528 3241 47 16 ran
3592 3242 72 20 away
3682 3235 26 22 in

3206 3270 44 23 the
3267 3272 69 21 most
3352 3271 109 26 popular
3479 3271 62 22 coed
3559 3277 68 19 race,
3646 3269 52 28 poll-

3207 3306 44 24 ing
3281 3307 47 21 201
3360 3308 80 20 votes.
3481 3306 154 24 Runnerups
3664 3311 44 17 are

1647 902 168 76 Bond,
1848 902 249 78 Clothing

1645 996 188 55 Drives
1859 994 267 57 Continue

1682 1068 166 37 Students
1867 1069 101 36 Have
1986 1069 113 35 Given

1685 1119 102 40 $284,
1815 1121 99 38 1,000
1931 1119 134 36 Pounds

1678 1184 96 26 There
1801 1184 25 26 is
1851 1185 61 27 still
1936 1185 73 27 time
2033 1186 30 27 to
2088 1186 50 31 top

1638 1220 51 27 the
1707 1223 121 29 present
1845 1229 65 18 sum
1927 1221 34 26 of
1977 1229 70 18 over
2064 1221 74 30 $284

1638 1257 97 27 worth
1775 1258 33 26 of
1845 1264 63 20 war
1947 1257 94 27 bonds
2080 1257 58 27 and

1638 1294 115 31 stamps
1768 1295 58 26 and
1840 1301 70 18 over
1925 1293 83 31 1,000
2024 1293 114 32 pounds

1638 1329 33 27 of
1693 1329 133 32 clothing
1848 1329 30 27 in
1902 1329 50 27 the
1974 1337 64 19 war
2060 1329 77 27 bond

1637 1365 60 27 and
1718 1365 134 33 clothing
1873 1366 84 26 drive
1979 1365 159 32 campaign

1637 1401 161 32 sponsored
1817 1401 38 32 by
1873 1401 97 32 Alpha
1989 1402 35 26 Pi
2041 1402 76 27 Omic-

1636 1445 64 23 ron,
1719 1438 114 26 service
1851 1437 173 33 fraternity.

1671 1473 87 27 Sigma
1776 1473 83 27 Alpha
1879 1475 90 26 Kappa
1987 1474 77 22 social
2084 1474 39 22 fra-

1635 1510 97 27 ternity
1754 1510 20 22 is
1793 1510 104 28 leading
1914 1511 24 22 in
1959 1510 43 23 the
2023 1510 113 28 clothing

1635 1545 71 25 drive
1727 1546 61 22 with
1814 1547 48 21 307
1886 1546 105 27 pounds,
2014 1545 120 23 followed

1634 1582 35 28 by
1693 1583 35 22 St.
1754 1582 109 23 Thomas
1886 1583 116 27 Aquinas
2025 1583 110 27 sodality

1633 1618 61 22 with
1711 1619 57 26 176,
1784 1618 50 23 and
1850 1619 75 22 Little
1940 1619 99 22 Flower
2052 1618 69 23 sodal-

1634 1655 37 26 ity
1686 1654 60 22 with
1765 1655 55 24 153.

1638 1691 60 22 Will
1715 1693 55 23 Buy
1785 1691 157 22 Ambulance

1669 1726 52 23 The
1746 1726 86 28 object
1853 1726 30 22 of
1906 1728 41 21 the
1973 1726 67 22 bond
2063 1727 70 21 drive

1634 1763 20 22 is
1672 1765 28 20 to
1718 1763 51 28 buy
1787 1770 14 15 a
1820 1763 52 23 Red
1891 1763 75 22 Cross
1984 1762 149 23 ambulance

1632 1798 82 23 which
1730 1798 50 22 will
1798 1799 61 22 bear
1875 1798 42 23 the
1935 1805 73 16 name
2026 1799 28 22 of
2072 1798 47 28 Loy-

1633 1835 42 23 ola
1710 1834 149 28 university,
1896 1836 68 26 Levy
1999 1835 62 22 said.
2099 1836 35 20 As

1632 1871 81 22 bonds
1729 1871 50 22 and
1795 1873 97 24 stamps
1908 1878 43 15 are
1969 1870 62 26 sold,
2048 1878 15 14 a
2079 1877 55 15 new

1632 1908 59 27 part
1706 1908 31 22 of
1752 1907 43 22 the
1813 1907 148 23 ambulance
1980 1907 20 22 is
2017 1906 73 23 filled
2107 1907 25 21 in

1632 1950 32 16 on
1682 1943 43 23 the
1743 1943 72 22 chart
1833 1943 98 23 outside
1949 1943 43 21 the
2009 1943 66 22 APO
2093 1943 26 21 of-

1632 1979 59 23 fice.
1732 1979 80 23 When
1833 1979 43 22 the
1898 1979 65 23 total
1985 1980 106 21 amount
2113 1979 19 22 is

1631 2015 131 26 collected,
1780 2015 20 23 it
1814 2015 50 21 will
1881 2015 29 22 be
1928 2016 58 21 sent
2001 2016 27 20 to
2045 2014 69 22 Wash-

1632 2053 88 25 ington
1733 2058 28 16 so
1774 2052 57 22 that
1843 2051 94 27 Loyola
1950 2051 50 22 will
2013 2052 30 22 be
2056 2051 75 26 given

1631 2087 43 23 the
1695 2087 81 23 credit
1797 2087 43 22 for
1859 2086 138 27 endorsing
2017 2086 42 23 the
2080 2093 35 15 am-

1631 2124 115 22 bulance.

1666 2160 111 22 Current
1795 2159 134 27 poundage
1947 2160 25 22 in
1991 2158 44 23 the
2052 2157 66 23 cloth-

1635 2196 44 27 ing
1701 2196 70 22 drive
1794 2195 137 26 according
1953 2197 26 20 to
2002 2194 118 27 organiza-

1630 2231 76 26 tions,
1735 2232 25 21 in
1788 2231 115 22 addition
1931 2232 27 20 to
1987 2231 43 22 the
2058 2230 72 22 three

1630 2267 103 27 leading
1748 2273 102 21 groups,
1868 2267 30 22 is:
1914 2266 31 23 Xi
1961 2266 41 23 Psi
2019 2267 43 21 Phi
2079 2267 39 21 fra-

1630 2303 104 27 ternity,
1769 2304 47 21 116
1848 2303 60 26 lbs.;
1940 2301 84 28 Alpha
2056 2301 75 23 Delta

1630 2340 115 27 Gamma?
1762 2339 76 22 social
1856 2339 149 25 fraternity,
2023 2339 30 22 90
2072 2338 58 26 lbs.;

1629 2376 167 26 Apollonians
1826 2375 93 22 Dental
1949 2374 118 26 sodality,
2098 2374 31 22 75

1627 2411 61 27 lbs.;
1710 2411 66 22 Beta
1798 2411 105 27 Epsilon
1925 2410 149 27 fraternity,
2098 2411 31 21 59

1630 2448 58 26 lbs.;
1717 2448 158 26 Agramonte
1902 2445 165 28 pre-medical
2094 2452 24 15 so-

1628 2484 76 26 ciety,
1720 2484 31 21 22
1767 2483 59 27 lbs.;
1841 2483 44 22 Phi
1902 2483 64 22 Beta
1980 2482 149 25 fraternity,

1627 2611 206 95 Maroon
1867 2611 171 95 Staff

1633 2706 112 57 Eats
1769 2706 72 56 At
1868 2706 114 56 Last

1672 2780 116 45 Roger
1806 2777 145 37 Baudier
1967 2779 45 36 To
2028 2777 74 36 Talk

1670 2831 49 34 At
1735 2829 57 36 7th
1808 2828 141 38 Annual
1960 2830 156 46 Banquet

1665 2893 57 27 Mr.
1746 2893 99 31 Roger
1868 2893 139 30 Baudier,
2030 2892 97 27 editor

1625 2930 33 25 of
1676 2930 50 26 the
1746 2929 135 27 Catholic
1900 2929 108 27 Action
2026 2928 33 27 of
2076 2927 50 27 the

1625 2965 103 31 South,
1741 2965 60 27 will
1815 2965 35 27 be
1862 2965 51 28 the
1926 2965 85 31 guest
2023 2964 86 32 speak-

1625 3009 33 19 er
1676 3004 32 25 at
1725 3002 51 27 the
1795 3001 124 26 seventh
1939 3000 108 29 annual
2066 2999 40 27 Ma-

1625 3046 72 19 roon
1715 3037 131 33 banquet
1862 3038 32 26 to
1910 3037 35 27 be
1962 3037 66 27 held
2046 3036 61 27 Mon-

1625 3075 58 31 day
1700 3076 32 25 at
1750 3074 73 27 7:30
1840 3081 68 25 p.m.
1927 3075 32 25 at
1976 3072 150 27 Arnaud's

1626 3111 182 26 restaurant.
1842 3109 57 27 Mr.
1922 3109 129 27 Baudier
2072 3109 55 26 has

1627 3150 50 25 not
1696 3148 50 30 yet
1764 3147 98 27 stated
1880 3146 48 26 his
1945 3145 88 32 topic.

1665 3183 52 23 The
1744 3183 110 22 1945-46
1880 3183 131 21 executive
2037 3180 91 28 editor,

1630 3219 140 28 managing
1791 3219 92 27 editor,
1906 3217 116 24 business
2043 3224 68 16 mana-

1630 3263 54 20 ger,
1716 3255 50 23 and
1796 3254 160 26 advertising
1984 3259 144 20 managers,

1630 3291 50 22 will
1700 3291 30 22 be
1750 3291 151 23 announced
1921 3291 32 28 by
1972 3290 70 22 Prof.
2062 3289 66 23 Emil

1631 3329 27 21 L.
1674 3327 91 26 Telfel,
1780 3327 131 23 chairman
1927 3326 29 22 of
1969 3326 43 23 the
2028 3326 86 26 depart-

1630 3367 72 19 ment
1716 3365 28 21 of
1757 3363 160 27 journalism.
1950 3362 51 23 The
2016 3363 96 22 commit-

1630 3402 42 21 tee
1691 3407 31 16 on
1741 3399 170 27 publications
1927 3398 49 23 will
1993 3400 68 20 meet
2076 3398 39 22 Fri-

1631 3436 49 28 day
1694 3438 27 20 to
1736 3435 73 23 make
1824 3435 44 23 the
1881 3435 191 27 appointments
2086 3433 42 23 for

1630 3473 72 22 these
1718 3472 132 27 positions,
1868 3471 47 22 Mr.
1932 3470 83 23 Telfel
2032 3469 62 23 said.

1666 3508 52 22 The
1740 3507 59 22 Rev.
1821 3507 96 27 Joseph
1937 3506 111 26 Fichter,
2071 3505 57 26 S.J.,

1630 3545 123 22 assistant
1779 3543 105 22 student
1911 3542 141 26 counselor,
2079 3541 49 23 will

1631 3580 31 22 be
1677 3581 166 21 toastmaster
1858 3582 28 20 at
1900 3579 43 22 the
1958 3578 122 28 banquet.

1667 3616 125 22 Members
1808 3615 30 22 of
1852 3615 43 22 the
1911 3614 95 26 Loyola
2021 3614 107 26 faculty,

1630 3651 146 28 prominent
1809 3650 64 22 New
1908 3650 108 22 Orleans
2051 3656 62 16 news-

1630 3695 80 21 paper
1725 3694 65 19 men,
1806 3687 50 22 and
1873 3688 31 21 25
1921 3687 68 22 staff
2004 3686 124 22 members

1631 3725 63 21 have
1718 3723 62 22 been
1805 3722 96 22 invited
1925 3725 26 19 to
1973 3722 89 23 attend
2086 3722 42 22 the

1631 3760 121 26 banquet.

1667 3796 53 22 One
1744 3794 68 23 staff
1834 3794 122 27 member,
1979 3793 81 23 Emile
2083 3793 30 23 Co-

1630 3838 56 16 mar
1698 3831 46 27 Jr.,
1761 3831 152 27 journalism
1931 3830 137 26 freshman,
2083 3829 45 23 has

1630 3867 100 27 applied
1752 3867 42 21 for
1815 3866 43 22 the
1880 3866 133 22 executive
2035 3865 80 22 editor-

1630 3904 64 27 ship,
1719 3903 50 22 and
1792 3903 54 23 five
1872 3902 63 23 have
1961 3901 99 28 applied
2086 3902 42 22 for

1630 3939 43 23 the
1705 3938 139 27 managing
1876 3937 147 27 editorship.
2059 3936 69 29 They

1630 3981 44 17 are
1708 3974 105 27 Audrey
1847 3974 120 26 Baudier,
2001 3972 127 24 Madeline

1631 4010 83 23 Miller
1744 4011 50 22 and
1827 4010 92 27 Madge
1951 4009 176 26 Prudhomme,

1630 4046 150 27 journalism
1803 4045 164 28 juniors;
1989 4046 139 22 Jeannette

1631 4083 119 25 Mumme,
1780 4081 160 27 sophomore,
1971 4082 50 22 and
2051 4081 77 22 Sallie

1630 4118 129 26 Marlette,
1780 4119 62 22 Arts
1862 4118 50 23 and
1935 4117 117 23 Sciences
2073 4125 42 14 sen-

1630 4155 45 21 ior.
1715 4154 152 26 Applicants
1889 4156 68 20 must
1978 4154 63 22 have
2065 4153 62 22 been

1630 4197 32 16 on
1686 4191 42 22 the
1753 4190 69 22 staff
1845 4191 28 22 at
1895 4190 67 23 least
1984 4196 49 16 one
2058 4197 69 19 year,

1630 4229 67 20 must
1718 4226 63 22 have
1802 4226 18 22 C
1839 4232 132 20 averages,
1990 4225 51 23 and
2061 4227 67 20 must

1630 4263 64 22 have
1726 4261 78 24 taken
1838 4268 29 16 or
1899 4262 32 23 be
1963 4261 91 28 taking
2085 4261 43 22 the

1630 4305 103 15 courses
1755 4297 25 22 in
1803 4304 69 16 news
1893 4297 103 27 writing
2017 4297 50 22 and
2090 4304 26 15 re-

1630 4334 111 27 porting,
1753 4334 49 22 and
1815 4340 69 16 news
1895 4333 106 26 editing,
2014 4334 47 22 Mr.
2073 4333 42 22 Tel-

1630 4370 38 22 fel
1682 4369 62 23 said.

1629 4447 100 38 Girls'
1752 4447 156 48 Sodality
1928 4447 157 37 Collects

1630 4498 131 46 Money
1782 4499 61 35 For
1864 4497 109 37 Relief
1995 4497 89 38 Fund

1660 4548 53 22 The
1728 4547 65 23 little
1809 4547 99 27 flower,
1923 4548 70 26 girl's
2008 4547 118 27 sodaltiy,

1625 4585 46 22 has
1694 4584 124 23 collected
1840 4584 170 28 thirty-seven
2033 4583 94 23 dollars

1626 4620 69 22 from
1708 4621 43 22 the
1765 4621 62 22 cake
1841 4620 50 22 and
1906 4621 83 26 candy
2003 4619 52 23 sale
2069 4626 44 16 con-

1627 4656 92 23 ducted
1741 4656 94 28 during
1853 4656 44 23 the
1917 4658 58 26 past
1994 4656 71 23 week
2084 4656 43 22 for

1626 4693 43 22 the
1698 4692 109 23 Vatican
1835 4692 87 23 Relief
1948 4692 72 22 Fund
2048 4691 79 27 drive,

1626 4728 43 22 the
1686 4728 60 24 Rev.
1766 4728 69 26 Loyd
1852 4728 27 22 F.
1896 4728 99 26 Hatrel,
2013 4728 99 22 modera-

1626 4766 50 24 tor,
1700 4764 151 23 announced
1874 4763 126 28 Tuesday.

1662 4800 52 22 The
1734 4800 112 28 sodality
1863 4800 47 22 has
1930 4801 39 21 get
1989 4806 14 16 a
2022 4800 59 27 goal
2100 4799 28 23 of

1627 4835 65 27 fifty
1708 4835 102 27 dollars,
1829 4836 94 22 Father
1940 4836 91 23 Hatrel
2048 4835 63 23 said.

2166 905 146 60 Free
2339 903 177 60 Press
2545 894 225 65 Would
2792 892 249 65 Reduce

2169 983 210 65 World
2412 985 225 68 Crises,
2670 985 107 59 Mr.
2809 980 195 63 Baker
3037 981 156 73 Says

2489 1064 38 24 By
2549 1063 117 22 SALLIE
2689 1061 179 22 MARLETTE

2243 1101 30 26 If
2286 1108 81 19 some
2379 1108 104 18 means
2497 1098 84 27 could
2597 1098 34 27 be
2645 1097 94 27 found
2753 1100 31 24 to
2798 1105 103 19 secure
2915 1097 65 26 free
2996 1096 192 30 interchange

2164 1137 33 27 of
2212 1145 83 18 news
2310 1144 110 23 among
2435 1135 50 28 the
2502 1134 119 33 peoples
2637 1134 33 26 of
2685 1134 50 27 the
2751 1133 102 30 world,
2871 1132 214 28 international
3102 1131 86 27 crisis

2164 1174 97 27 would
2273 1173 37 26 be
2324 1172 127 27 reduced
2465 1170 216 32 considerably,
2696 1170 59 26 and
2769 1169 103 27 future
2886 1169 193 32 generations
3093 1168 95 27 would

2165 1209 35 26 be
2218 1211 109 30 spared
2346 1208 51 27 the
2415 1207 196 28 tribulations
2629 1207 33 26 of
2678 1214 18 19 a
2715 1206 93 26 world
2826 1207 32 26 at
2875 1213 72 22 war,
2967 1205 145 32 presaged
3133 1204 55 27 Mr.

2164 1246 103 27 Victor
2286 1245 36 26 H.
2340 1244 108 30 Baker,
2465 1244 145 26 assistant
2627 1242 155 32 professor
2798 1242 33 26 of
2847 1242 178 31 journalism
3043 1241 58 27 and
3119 1241 52 27 Ger-

2165 1290 67 18 man
2253 1281 59 26 and
2333 1280 115 27 former
2466 1280 106 26 citizen
2593 1279 33 27 of
2644 1279 126 31 Vienna,
2789 1279 99 26 where
2908 1279 35 25 he
2963 1286 61 19 was
3044 1278 96 26 editor
3158 1277 30 26 of

2163 1318 115 27 several
2293 1323 201 25 newspapers.

2241 1353 147 26 Freedom
2405 1352 34 26 of
2454 1351 52 27 the
2522 1359 87 24 press
2626 1351 27 27 is
2667 1360 18 18 a

2675 1360 10 18 a
2703 1351 144 32 privilege
2864 1351 88 32 given
2971 1353 31 25 to
3018 1351 51 27 the
3087 1351 101 31 people

2675 1385 42 27 lof
2739 1389 119 23 America
2882 1389 32 28 by
2936 1389 44 22 the
3003 1389 61 22 first
3087 1389 85 22 amend-

2687 1428 71 20 ment
2773 1426 30 22 of
2819 1426 44 21 the
2880 1425 177 27 constitution,
3076 1426 47 22 but
3139 1426 49 22 this

2675 1461 2 34 |
2687 1461 164 22 amendment
2868 1462 81 21 would
2969 1462 30 22 be
3018 1461 170 28 meaningless

2687 1505 66 15 were
2773 1499 72 22 there
2864 1501 46 20 not
2929 1499 43 21 the
2992 1499 65 26 legal
3079 1498 94 23 machin-

2687 1541 46 20 ery
2756 1534 43 23 for
2823 1536 145 26 protecting
2991 1535 51 22 this
3066 1535 122 27 privilege

2675 1572 6 27 :
2686 1572 101 26 against
2804 1572 192 27 infringement,
3014 1572 43 23 the
3074 1572 114 27 journal-

2675 1599 2 36 I
2686 1607 47 22 ism
2750 1607 133 26 professor
2900 1608 62 22 said.
2998 1609 36 23 To
3051 1609 87 22 insure
3156 1616 32 14 an

2675 1640 1 37 j
2687 1644 171 22 unrestricted
2872 1644 69 26 right
2953 1646 27 20 to
2994 1645 130 26 exchange
3139 1645 49 21 and

2675 1679 1 28 '
2687 1679 121 23 circulate
2830 1680 33 22 all
2886 1680 84 27 global
2993 1688 75 19 news,
3090 1681 61 22 such
3173 1688 14 15 a

2687 1715 170 23 constitution
2894 1716 49 22 and
2978 1717 106 26 judicial
3120 1717 68 26 body

2675 1752 1 27 !
2685 1752 83 22 would
2792 1753 28 22 be
2844 1759 135 20 necessary
3000 1760 32 15 on
3054 1760 32 16 an
3110 1754 65 21 inter-

2686 1788 113 21 national
2814 1789 75 26 scale,
2904 1789 31 21 he
2948 1789 62 24 said.

2687 1825 22 20 Is
2725 1826 87 21 Result
2828 1826 27 21 of
2870 1826 140 26 Deception

2720 1860 52 23 The
2795 1864 103 24 present
2920 1869 53 14 war
2994 1862 21 21 is
3036 1863 84 27 partly
3143 1863 43 21 the

2684 1897 81 22 result
2781 1899 30 21 of
2826 1897 141 23 deliberate
2984 1897 133 28 deception
3137 1899 49 22 and

2685 1933 134 22 distortion
2852 1934 30 22 of
2912 1934 79 26 truth,
3024 1936 46 21 Mr.
3104 1935 83 22 Baker

2686 1969 114 22 averred.
2845 1970 24 22 It
2896 1970 21 22 is
2942 1970 132 23 therefore
3101 1973 28 20 to
3156 1971 30 21 be

2684 2005 100 25 desired
2799 2006 58 23 that
2872 2013 95 20 among
2982 2008 74 21 other
3071 2008 115 26 complex

2684 2043 131 26 questions
2836 2045 28 19 to
2885 2042 29 23 be
2936 2043 129 23 discussed
3087 2046 27 19 at
3135 2044 50 22 San

2684 2079 143 25 Francisco,
2848 2080 43 22 the
2912 2080 113 27 problem
3045 2080 28 22 of
3095 2087 13 15 a
3129 2080 56 22 free

2684 2114 79 22 world
2788 2122 71 20 press
2886 2115 49 22 will
2963 2116 29 21 be
3020 2116 70 22 dealt
3116 2117 68 21 with.

2684 2151 68 22 With
2769 2151 148 23 realization
2935 2152 29 22 of
2981 2152 51 22 this
3048 2153 63 26 fact,
3129 2153 20 21 it
3167 2152 19 22 is

2683 2189 27 19 to
2728 2187 30 22 be
2777 2189 123 25 expected
2919 2188 57 22 that
2993 2196 31 15 an
3045 2189 126 27 apprehen-

2682 2223 53 22 sive
2759 2224 110 21 attitude
2894 2225 29 22 be
2946 2225 116 21 assumed
3086 2225 99 22 toward

2683 2259 72 22 those
2782 2261 130 21 countries
2941 2261 143 25 maintaing
3112 2262 73 22 strict

2685 2295 147 28 censorship
2858 2296 29 22 of
2913 2303 76 20 news,
3016 2296 43 23 the
3087 2297 100 22 former

2684 2331 126 23 Viennese
2830 2333 84 22 editor
2934 2333 62 22 said.
3037 2334 34 21 As
3092 2340 31 16 an
3145 2340 26 16 ex-

2682 2367 82 27 ample
2781 2368 28 22 of
2823 2368 57 26 this,
2897 2369 46 21 Mr.
2960 2370 85 21 Baker
3059 2370 66 21 cited
3140 2370 44 21 the

2682 2404 134 23 American
2833 2405 140 26 pessimism
2990 2405 78 23 about
3086 2405 98 23 Russia.

2718 2440 93 23 Before
2833 2441 140 23 America's
2994 2442 142 26 suspicions
3156 2442 30 22 of

2681 2476 43 22 the
2748 2477 87 22 Soviet
2858 2477 113 27 republic
2994 2484 47 15 can
3064 2478 31 21 be
3118 2485 50 15 com-

2681 2512 94 26 pletely
2812 2513 143 27 disspelled,
2991 2514 91 22 Russia
3116 2516 68 21 must

2675 2546 1 36 |
2680 2555 65 20 open
2768 2549 43 22 the
2833 2549 63 22 door
2916 2549 30 22 of
2967 2549 45 22 her
3034 2556 78 20 press,
3136 2550 46 21 Mr.

2681 2584 83 22 Baker
2781 2584 127 23 declared.
2944 2586 25 21 If
2986 2585 44 22 she
3047 2587 46 21 has
3110 2586 60 22 noth-

2681 2621 43 26 ing
2741 2622 27 20 to
2788 2621 65 25 hide,
2874 2622 22 22 if
2913 2628 48 15 our
2978 2621 143 27 suspicions
3139 2629 44 15 are

2679 2657 158 26 groundless,
2856 2658 57 25 why
2930 2658 21 22 is
2969 2658 90 22 Russia
3077 2665 28 15 so
3123 2659 48 22 reti-

2680 2696 58 19 cent
2757 2693 24 22 in
2800 2693 46 22 her
2864 2693 111 22 affairs?
3015 2694 65 26 Why
3100 2695 19 20 is
3138 2694 44 22 she

2681 2735 28 15 so
2735 2735 89 15 averse
2851 2731 25 20 to
2903 2729 132 28 releasing
3059 2737 70 15 news
3156 2732 26 20 to

2679 2764 102 27 foreign
2817 2765 137 26 countries,
2991 2764 104 28 quiered
3131 2766 51 22 this

2679 2800 98 22 former
2795 2801 91 22 citizen
2906 2802 29 21 of
2953 2802 108 22 Vienna.

2713 2836 24 22 Is
2748 2837 20 22 it
2780 2836 121 28 probable
2913 2837 57 22 that
2981 2838 199 26 press-freedom

2679 2872 33 22 all
2728 2879 61 16 over
2803 2873 42 21 the
2859 2873 79 22 world
2953 2880 46 15 can
3015 2874 31 21 be
3060 2874 120 22 achieved

2679 2910 27 20 at
2718 2908 51 22 this
2781 2909 77 23 time?
2891 2909 56 21 Will
2963 2909 101 22 nations
3078 2909 30 23 be
3119 2909 50 23 will-

2679 2945 43 26 ing
2738 2947 27 20 to
2783 2945 139 22 surrender
2939 2946 97 22 certain
3053 2946 82 25 rights
3151 2946 31 22 of

2677 2980 165 27 sovereignty
2858 2981 23 22 in
2898 2981 77 23 order
2990 2983 26 20 to
3033 2981 82 22 attain
3130 2981 51 23 this

2678 3017 64 20 end?

2678 3053 112 22 Outlook
2804 3053 24 22 I*
2842 3054 51 21 Not
2907 3054 177 25 Encouraging

2776 3097 15 15 a
2807 3090 79 22 world
2904 3090 84 23 where
3005 3091 114 21 extreme
3138 3097 28 15 na-

2677 3125 136 26 tionalism,
2835 3132 63 15 even
2919 3125 130 27 jingoism,
3069 3125 22 22 is
3110 3125 56 23 cher-

2677 3161 70 22 ished
2762 3167 28 16 as
2802 3168 51 15 one
2866 3161 30 22 of
2910 3161 42 22 the
2967 3163 67 21 most
3045 3161 134 23 estimable

2677 3197 97 21 virtues
2796 3196 31 22 of
2850 3196 132 28 citizenry,
3006 3197 44 23 the
3072 3197 107 23 outlook

2675 3233 26 22 in
2717 3232 51 23 this
2782 3235 103 25 respect
2899 3233 22 22 is
2935 3235 47 21 not
2995 3240 63 21 very
3072 3241 92 15 encour-

2796 3269 48 22 Mr.
2864 3269 85 22 Baker
2966 3269 93 23 stated.

2708 3304 84 23 There
2806 3311 45 17 are
2863 3312 78 20 many
2954 3305 163 23 conceivable
3132 3306 47 22 cir-

2165 1438 155 56 Dean
2356 1435 176 57 States

2159 1511 98 80 V-E
2292 1521 124 70 Day
2449 1511 153 65 Plans

2204 1608 145 37 Classes
2367 1609 45 36 To
2433 1609 44 35 Be
2496 1607 126 36 Called

2203 1659 115 36 When
2334 1660 141 45 Victory
2490 1658 135 36 Comes

2197 1727 90 27 Plans
2302 1727 50 26 for
2367 1727 50 26 the
2433 1727 182 26 observance
2629 1726 30 26 of

2158 1762 65 27 V-E
2253 1764 59 31 day
2341 1766 33 25 at
2402 1762 52 27 the
2484 1762 175 32 University

2158 1800 75 26 have
2255 1800 73 26 been
2352 1799 176 27 announced
2551 1799 38 31 by
2611 1798 48 27 the

2158 1835 69 27 Rev.
2266 1835 36 27 A.
2341 1835 130 27 William
2510 1834 149 30 Grandell,

2157 1871 68 31 S.J.,
2251 1872 75 27 dean
2352 1871 33 28 of
2409 1871 149 27 faculties.
2603 1871 38 26 No-

2157 1909 73 25 tices
2265 1908 76 27 have
2375 1908 74 26 been
2484 1907 105 31 posted
2622 1914 37 19 on

2157 1952 90 24 every
2293 1944 124 27 bulletin
2462 1944 93 27 board
2601 1944 58 26 and

2156 1981 98 31 copies
2279 1980 76 27 have
2379 1980 74 26 been
2479 1979 180 27 distributed

2157 2023 93 20 among
2273 2017 42 21 the
2341 2016 120 22 students
2484 2016 50 22 and
2561 2015 98 27 faculty

2156 2053 134 22 members.

2191 2097 51 22 The
2258 2096 158 22 celebration
2434 2096 74 26 plans
2523 2102 66 15 were
2608 2095 39 21 for-

2155 2132 114 22 mulated
2285 2132 33 27 by
2334 2132 43 21 the
2394 2131 79 22 deans
2489 2132 50 21 and
2556 2133 103 25 regents

2156 2169 30 22 of
2210 2168 43 23 the
2278 2168 103 23 various
2407 2167 100 23 schools
2534 2167 49 22 and
2611 2167 36 22 col-

2156 2204 69 27 leges
2243 2204 28 22 of
2289 2203 42 24 the
2351 2204 155 27 University.

2251 2247 21 22 is
2291 2253 48 16 our
2359 2247 127 22 intention
2506 2247 58 22 that
2582 2253 77 20 every

2155 2283 106 22 student
2281 2284 26 21 in
2326 2283 44 22 the
2391 2282 148 27 University
2560 2282 63 22 have
2644 2289 15 15 a

2156 2326 64 21 copy
2241 2319 31 22 of
2293 2319 72 22 these
2390 2319 72 26 plans
2485 2318 25 22 in
2533 2318 77 22 order
2631 2320 27 20 to

2156 2356 158 23 understand
2335 2355 70 21 them
2424 2354 49 22 and
2495 2360 75 20 carry
2589 2354 69 21 them

2154 2394 46 20 out
2214 2391 72 22 when
2302 2391 44 23 the
2362 2391 49 26 day
2564 2389 95 22 Father

2156 2426 119 23 Crandell
2300 2426 63 22 said.

2189 2470 25 22 If
2230 2470 43 22 the
2291 2471 206 20 announcement
2513 2468 30 22 of
2560 2469 98 26 victory

2155 2507 24 22 in
2208 2506 103 27 Europe
2341 2506 20 21 is
2390 2505 74 22 made
2493 2505 93 26 during
2615 2504 41 22 the

2154 2542 86 21 school
2260 2542 57 26 day,
2337 2541 33 21 all
2389 2541 93 21 classes
2501 2540 49 22 will
2571 2540 29 22 be
2617 2546 27 16 su-

2153 2584 87 20 spen
2251 2577 15 22 d
2277 2584 14 15 e
2302 2577 14 22 d
2346 2576 179 25 immediately,
2556 2575 99 22 Church

2153 2613 64 23 bells
2241 2613 50 22 will
2314 2613 59 26 ring
2396 2612 49 22 and
2469 2612 114 22 whistles
2606 2611 49 22 will

2153 2649 65 23 blow
2232 2649 110 26 steadily
2357 2649 42 22 for
2413 2648 54 22 five
2481 2648 119 21 minutes.
2633 2648 22 21 A

2153 2685 68 23 brief
2241 2685 181 26 thanksgiving
2441 2684 97 22 service
2556 2683 50 22 will
2625 2683 30 21 be

2152 2722 56 22 held
2225 2722 26 21 in
2268 2721 67 28 Holy
2351 2721 79 22 Name
2447 2720 102 23 church.
2576 2719 79 22 Other

2153 2757 149 27 provisions,
2318 2756 156 23 conditional
2490 2762 31 15 on
2538 2755 41 23 the
2595 2755 60 22 time

2156 2794 28 22 of
2208 2794 216 25 announcement,
2450 2799 44 16 are
2519 2792 85 22 stated
2629 2791 25 22 in

2152 2829 43 22 the
2217 2828 93 23 notice.

2187 2871 125 22 Students
2334 2871 50 22 and
2407 2871 100 27 faculty
2530 2869 125 23 members

2152 2915 44 15 are
2219 2906 103 23 warned
2347 2907 57 22 that
2427 2906 43 22 the
2495 2913 68 14 news
2587 2907 68 20 must

2152 2950 71 15 come
2249 2943 68 22 from
2342 2949 70 16 some
2436 2942 102 23 official
2565 2949 90 14 source

2152 2979 28 23 of
2200 2980 44 23 the
2264 2979 88 23 armed
2373 2978 86 23 forces
2477 2985 31 15 or
2526 2978 43 22 the
2590 2977 49 23 Gov-

2152 3017 126 20 ernment.

2155 3104 149 65 Blue
2337 3106 130 75 Key
2493 3104 80 60 To

2156 3191 150 62 Give
2338 3186 230 65 Award

2191 3270 63 22 Blue
2286 3269 62 27 Key,
2380 3268 117 23 national
2525 3268 129 26 honorary

2155 3306 149 26 fraternity,
2321 3304 51 23 will
2387 3306 106 26 present
2510 3304 33 22 its
2560 3302 94 23 annual

2155 3341 94 27 trophy
2272 3343 27 20 to
2325 3341 43 22 the
2393 3346 105 21 campus
2522 3339 118 27 organiza-

2155 3379 54 22 tion
2229 3378 20 22 it
2266 3377 111 23 believes
2397 3379 27 20 to
2442 3376 65 22 have
2525 3375 66 22 been
2611 3374 43 23 the

2155 3416 66 20 most
2247 3413 83 22 active
2356 3412 93 28 during
2473 3412 44 22 the
2543 3411 110 22 1944-45

2155 3450 129 22 academic
2320 3455 70 20 year,
2426 3446 137 24 President
2598 3446 56 22 Pito

2155 3485 31 23 Di
2201 3484 84 24 Guilio
2299 3484 151 24 announced
2464 3483 125 28 Tuesday.

2190 3522 52 23 The
2273 3520 203 24 commendation
2508 3519 146 23 committee

2155 3559 30 21 of
2208 3558 42 22 the
2274 3556 142 27 fraternity
2440 3556 21 22 is
2482 3555 172 26 determining

2155 3594 44 22 the
2218 3594 57 22 best
2294 3593 104 22 method
2419 3593 29 21 of
2468 3591 125 27 selecting
2612 3590 42 23 the

2154 3629 85 23 award
2271 3629 105 25 winner,
2408 3628 30 22 Di
2472 3628 85 22 Guilio
2589 3627 61 23 said.

2155 3666 113 22 Because
2288 3665 43 22 the
2352 3664 142 27 fraternity
2514 3669 52 16 was
2585 3662 54 22 inac-

2153 3701 61 26 tive,
2232 3700 43 23 the
2293 3700 95 22 annual
2406 3699 99 23 awards
2523 3705 66 16 were
2608 3700 44 21 not

2155 3736 72 23 made
2243 3736 25 22 in
2287 3736 64 22 1943
2366 3735 51 22 and
2435 3734 73 22 1944.

2190 3772 69 22 Each
2273 3777 104 20 campus
2392 3769 177 28 organization
2584 3769 59 26 eligi-

2154 3808 41 23 ble
2216 3809 44 22 for
2282 3807 42 22 the
2348 3806 85 23 award
2455 3809 69 19 must
2543 3805 74 22 make
2640 3811 14 16 a

2155 3843 127 28 thorough
2304 3842 165 28 compilation
2493 3841 29 22 of
2546 3841 42 22 the
2613 3847 28 16 ex-

2155 3882 56 20 tent
2225 3879 29 23 of
2268 3879 33 22 its
2314 3878 108 26 activity
2436 3877 69 23 since
2519 3877 45 22 the
2578 3883 61 21 open-

2155 3915 44 28 ing
2212 3915 29 22 of
2253 3915 43 22 the
2309 3915 49 22 fall
2370 3914 140 26 trimester,
2525 3913 31 22 Di
2570 3913 84 23 Guilio

2154 3951 62 23 said.
2238 3951 51 22 The
2310 3950 117 23 deadline
2448 3949 43 22 for
2510 3949 43 23 the
2574 3948 67 22 infor-

2154 3987 97 22 mation
2267 3987 21 22 is
2304 3987 61 27 May
2380 3987 22 22 1.
2418 3979 41 29 All
2476 3985 79 23 heads
2570 3986 30 22 of
2615 3992 26 14 or-

2155 4023 160 27 ganizations
2339 4029 44 16 are
2408 4021 81 26 urged
2514 4023 26 20 to
2564 4020 90 22 confer

2154 4059 61 22 with
2234 4058 69 23 their
2322 4058 148 23 moderator
2489 4057 50 23 and
2560 4056 94 23 submit

2155 4095 66 23 their
2238 4094 108 27 activity
2361 4094 45 22 list
2420 4096 28 20 to
2466 4093 43 22 the
2525 4092 83 23 office
2626 4093 28 21 of

2155 4131 43 21 the
2214 4130 123 23 assistant
2352 4130 64 22 dean
2433 4137 29 15 as
2476 4136 62 16 soon
2556 4135 28 16 as
2599 4135 42 20 pos-

2155 4167 70 21 sible.

2154 4236 324 62 Shakespeare
2497 4235 113 48 Club

2155 4300 148 48 Elects
2325 4299 62 49 Fr.
2409 4301 63 46 St.
2495 4299 98 47 Paul

2190 4366 53 22 The
2267 4366 61 22 Rev.
2354 4365 31 22 H.
2411 4364 86 23 Allain
2520 4364 38 23 St.
2584 4364 70 26 Paul,

2156 4402 59 27 S.J.,
2241 4402 126 22 associate
2393 4400 134 29 professor
2552 4401 29 22 of
2606 4400 36 22 his-

2155 4440 58 24 tory
2227 4444 58 16 now
2298 4439 28 20 at
2341 4437 36 23 St.
2394 4436 96 27 Mary's
2504 4436 111 27 hospital
2630 4436 24 22 in

2155 4474 148 25 Rochester,
2328 4473 89 26 Minn.,
2441 4479 52 16 was
2515 4472 139 23 re-elected

2155 4509 144 26 exchequer
2315 4509 30 22 of
2359 4507 44 24 the
2420 4507 175 28 Shakespeare
2612 4507 28 23 So-

2155 4546 68 27 ciety
2243 4546 29 22 of
2293 4545 63 23 New
2376 4544 110 23 Orleans
2505 4546 28 21 at
2552 4544 44 23 the
2618 4551 24 15 so-

2155 4581 89 27 ciety's
2260 4580 95 23 annual
2370 4580 114 27 banquet
2501 4579 112 28 Monday
2628 4582 26 20 at

2155 4617 135 23 Antoine's
2303 4618 157 22 restaurant.
2476 4615 53 24 The
2543 4616 111 27 position

2155 4653 168 27 corresponds
2337 4654 28 20 to
2381 4652 57 23 that
2453 4651 29 22 of
2498 4654 138 20 treasurer.

2191 4690 52 22 The
2258 4689 61 23 Rev.
2336 4688 105 23 Charles
2454 4687 24 23 J.
2494 4687 88 27 Quirk,
2597 4687 57 33 S.J.,

2155 4726 62 22 read
2230 4733 14 16 a
2256 4727 94 20 sonnet
2362 4724 133 23 dedicated
2508 4726 26 20 to
2548 4723 91 22 Shakes-

2156 4768 85 21 peare.
2260 4761 70 22 Prof.
2348 4761 66 22 Emil
2431 4761 27 22 L.
2475 4759 94 28 Telfel,
2586 4759 55 27 jour-

2157 4798 91 23 nalism
2265 4798 164 26 department
2446 4796 138 26 chairman,
2602 4796 52 23 also

2157 4833 123 23 attended
2296 4833 44 22 the
2354 4833 121 26 banquet.

2679 3424 290 61 Russians
3001 3424 276 61 Deserve
3304 3425 83 62 To
3419 3425 180 63 Enter

2680 3505 197 62 Berlin
2902 3507 170 69 First,
3098 3504 302 78 Loyolans
3426 3506 131 75 Say

3006 3593 38 26 By
3059 3594 174 21 JEANETTE
3249 3594 125 22 MUMME

2756 3627 122 28 There's
2897 3637 17 18 a
2933 3628 53 27 hot
3003 3628 74 27 time
3095 3637 68 18 now
3183 3629 29 26 in
3231 3630 50 26 the
3300 3631 81 25 town
3399 3630 33 26 of
3452 3630 110 29 Berlin,
3584 3631 53 27 but
3654 3631 50 26 the

2679 3662 145 29 Russians
2840 3665 59 27 and
2916 3666 52 25 not
2983 3665 51 26 the
3050 3665 103 27 Yanks
3168 3673 53 20 are
3236 3666 158 31 marching
3409 3666 39 27 in.
3487 3666 26 27 It
3528 3667 25 26 is
3569 3666 135 33 strongly

2679 3700 139 26 rumored
2837 3700 68 26 that
2922 3701 51 26 the
2991 3700 177 27 Americans
3187 3702 84 26 could
3290 3703 75 26 have
3384 3703 73 26 been
3476 3704 30 25 in
3526 3703 101 26 Berlin
3646 3703 58 27 had

2679 3735 85 26 there
2787 3739 52 25 not
2861 3736 73 27 been
2956 3744 38 19 an
3017 3738 242 31 understanding
3279 3738 68 27 that
3367 3738 51 27 the
3441 3738 146 27 Russians
3608 3739 96 26 would

2678 3773 86 25 enter
2786 3771 82 27 first.
2911 3772 62 26 The
2995 3773 144 32 majority
3162 3774 33 26 of
3217 3774 109 31 Loyola
3348 3775 139 27 students
3510 3776 194 26 interviewed

2678 3807 62 27 this
2752 3808 83 26 week
2848 3808 111 27 believe
2973 3809 67 28 that
3052 3809 51 28 the
3117 3809 145 28 Russians
3277 3810 74 27 have
3375 3820 17 17 a
3404 3811 88 26 claim
3505 3813 31 24 to
3547 3811 50 27 the
3610 3811 94 27 honor

2677 3843 34 27 of
2731 3844 141 32 entering
2894 3845 102 27 Berlin
3020 3846 30 26 in
3073 3847 224 26 remembrance
3318 3847 36 26 of
3374 3848 79 26 their
3475 3848 104 27 defeat
3598 3848 35 27 of
3653 3848 51 27 the

2678 3880 147 27 Germans
2841 3882 33 26 at
2890 3881 183 31 Stalingrad.

2808 3924 59 21 may
2886 3924 68 16 seem

2676 3953 110 23 William
2800 3954 112 26 Bounds,
2924 3955 62 22 Arts
2998 3956 50 22 and
3061 3956 117 22 Sciences

2676 3990 132 22 freshman
2852 3990 134 27 admitted,
3135 3991 42 22 the

2676 4026 150 23 Americans
2844 4033 44 16 are
2907 4028 27 21 to
2951 4027 99 23 lenient
3067 4028 26 22 in
3111 4027 54 22 deal-

2675 4063 44 26 ing
2733 4062 61 23 with
2810 4063 68 22 their
2895 4063 118 22 enemies.
3048 4063 52 22 The
3117 4065 45 22 Rus-

2675 4099 69 23 sians
2755 4102 70 20 want
2838 4100 27 22 to
2878 4100 68 22 treat
2958 4100 43 22 the
3014 4100 125 22 Germans
3151 4106 26 15 as

2676 4134 44 23 the
2746 4135 124 23 Germans
2895 4135 100 23 treated
3022 4135 78 23 them.
3143 4135 35 22 As

2676 4172 98 22 Walter
2793 4172 125 22 Winchell
2936 4172 63 25 said,
3019 4172 42 22 the
3081 4172 81 22 Ameri-

2676 4210 60 20 cans
2755 4207 60 23 feed
2834 4207 68 23 their
2920 4208 110 23 German
3050 4208 128 28 prisoners

2676 4244 95 22 'steaks
2803 4244 48 22 mit
2883 4244 133 22 icecream
3050 4243 50 23 and
3133 4244 45 22 mit

2677 4279 118 24 cookies.'
2827 4280 12 22 I
2852 4279 73 24 think
2939 4280 41 22 it's
2994 4280 57 22 best
3064 4281 58 21 that
3135 4280 43 23 the

2677 4316 122 22 Russians
2821 4318 75 20 enter
2918 4315 62 23 first
3001 4332 6 6 .
3032 4332 6 6 .
3061 4332 6 6 .
3090 4315 88 28 they'll

2675 4352 58 27 give
2750 4353 43 23 the
2811 4353 124 22 Germans
2952 4360 15 15 a
2983 4354 67 21 taste
3067 4352 29 23 of
3112 4352 66 22 their

2675 4396 55 16 own
2747 4387 142 23 medicine.'

2677 4431 63 26 Says
2755 4431 47 22 We
2815 4431 130 22 Promised

2709 4467 51 28 Joy
2776 4467 189 27 Scheppegrell,
2983 4468 62 22 Arts
3061 4467 50 22 and
3128 4467 38 22 Sci-

2676 4510 76 15 ences
2772 4503 159 27 sophomore,
2953 4503 86 28 points
3057 4506 47 19 out
3123 4503 55 22 that

2676 4539 22 22 if
2783 4539 128 27 promised
2927 4539 57 22 that
2997 4539 45 22 the
3057 4540 121 22 Russians

2675 4575 84 22 would
2774 4575 30 22 be
2819 4575 44 23 the
2877 4575 62 22 first
2951 4576 28 21 to
2994 4577 74 21 enter
3082 4575 96 26 Berlin,

2675 4619 38 15 we
2733 4612 49 22 had
2803 4614 27 20 to
2849 4613 64 26 keep
2934 4618 48 16 our
3000 4611 118 27 promise.
3156 4611 22 23 A

2676 4647 98 22 broken
2788 4647 110 29 promise
2912 4647 21 22 is
2946 4647 43 24 the
3002 4653 56 21 way
3072 4649 28 20 to
3114 4648 64 21 start

2676 4684 109 22 another
2802 4691 53 15 war
2872 4690 63 17 even
2953 4683 92 23 before
3061 4683 53 22 this
3132 4690 46 15 one

2712 4763 74 27 Mary
2799 4763 64 26 Rau,
2874 4762 63 23 Arts
2949 4762 51 23 and
3012 4762 118 23 Sciences
3142 4767 24 16 so-

2677 4799 130 27 phomore,
2824 4798 83 22 added
2923 4798 57 22 that
2995 4798 44 23 the
3056 4798 122 22 Germans

2680 4834 105 23 deserve
2812 4834 69 23 what
2907 4834 44 23 the
2979 4834 124 22 Russians
3128 4833 50 22 will

3202 3925 58 26 give
3277 3925 77 27 them,
3373 3925 49 22 and
3440 3926 58 22 that
3514 3933 38 15 we
3568 3926 90 22 should
3675 3927 32 22 be

3202 3961 58 28 glad
3278 3962 56 22 that
3348 3962 45 22 the
3409 3962 123 22 Russians
3547 3962 115 27 entered,
3679 3969 28 15 as

3204 3997 19 21 it
3242 3997 77 22 saved
3339 3998 136 22 American
3496 3997 69 23 lives.

3238 4034 141 26 Pharmacy
3404 4034 132 22 freshmen
3564 4034 67 22 Car
3641 4041 23 15 m
3676 4041 13 15 e
3699 4034 8 22 1

3205 4069 102 28 Reaney
3324 4070 50 21 and
3393 4070 85 22 Gloria
3498 4070 150 22 Gueriniere
3665 4070 28 22 be-

3203 4106 65 22 lieve
3282 4106 55 22 that
3349 4106 44 21 the
3407 4106 122 22 Russians
3542 4106 64 22 have

3203 4148 91 15 reason
3312 4143 25 20 to
3355 4142 92 26 punish
3464 4142 43 21 the
3525 4142 124 22 Germans
3665 4141 28 23 be-

3203 4184 75 15 cause
3293 4177 61 27 they
3368 4177 49 22 felt
3433 4178 110 21 German
3557 4178 150 27 oppression

3204 4214 50 22 and
3271 4221 38 14 we
3327 4213 42 23 did
3476 4214 62 21 Miss
3555 4214 152 22 Gueriniere

3204 4249 115 22 foresees
3348 4249 57 22 that
3433 4249 42 23 the
3505 4250 124 21 Russians
3656 4249 51 23 will

3203 4288 69 20 want
3292 4293 69 15 more
3382 4288 26 20 to
3429 4293 46 19 say
3495 4286 79 22 about
3593 4286 114 27 dividing

3205 4414 53 35 Phi
3276 4415 82 35 Beta
3378 4416 148 35 Initiates
3546 4415 146 44 Pledges

3238 4472 44 23 Six
3300 4472 81 22 Music
3398 4472 85 22 school
3503 4473 117 22 students
3639 4480 67 16 were

3204 4508 148 27 informally
3371 4509 116 22 initiated
3506 4509 53 22 into
3578 4509 45 22 Phi
3641 4509 65 22 Beta

3203 4544 142 27 fraternity
3367 4544 130 28 Saturday
3519 4544 139 22 afternoon
3680 4545 26 21 in

3204 4580 42 23 the
3276 4580 80 23 Music
3386 4580 85 23 school
3493 4581 32 27 by
3545 4580 68 23 June
3634 4580 54 23 Wur-

3203 4617 104 25 steison,
3329 4617 90 22 Naomi
3441 4617 107 25 Benton,
3569 4617 50 21 and
3640 4616 50 23 Ade-

3204 4652 64 23 laids
3287 4652 122 26 Schmidt,
3430 4652 79 22 Music
3530 4652 105 22 seniors.

3238 4689 82 22 Those
3332 4688 119 22 initiated
3461 4695 67 15 were
3542 4688 91 22 Wilma
3646 4689 45 21 Bar-

3204 4731 37 21 ry,
3260 4724 87 23 Gloria
3366 4724 139 27 Bergeron,
3525 4724 80 22 Marie
3625 4724 65 22 Good-

3203 4761 85 26 speed,
3304 4761 50 21 and
3371 4761 78 22 Sante
3466 4760 113 27 Papalia,
3594 4760 112 27 juniors;

3204 4796 100 22 Wanda
3329 4796 36 23 St.
3393 4796 116 26 Romain,
3535 4796 96 26 senior;
3656 4795 50 23 and

3205 4833 140 26 Euphamie
3369 4833 87 26 Blanc,
3479 4833 134 26 graduate.

1682 2521 61 22 (See
1756 2520 91 21 BOND
1859 2518 104 31 DRiyE
1975 2519 67 24 Page
2055 2518 27 24 3)

3276 3350 60 25 (See
3354 3350 152 23 CONTEST
3523 3351 67 26 Page
3607 3350 28 24 3)

2719 3347 61 26 (See
2799 3347 86 23 FREE
2905 3347 101 24 PRESS
3027 3349 67 26 Page
3115 3350 27 25 4)

3277 4329 60 25 (See
3352 4328 164 23 RUSSIANS
3531 4329 67 27 Page
3612 4330 27 24 4)

135 261 132 33 Monday
286 261 31 28 Is
335 261 87 28 Final
443 261 66 33 Day
528 261 41 31 Of
588 260 140 33 Clothing
748 260 101 27 Drive.
886 260 61 27 Aid
967 259 48 26 the

258 305 178 32 Europeans
520 304 97 32 Bring
643 304 107 28 Usable
775 303 120 27 Clothes

291 349 115 27 Attend
420 348 174 32 University
605 349 112 26 Forum
730 346 129 33 Tonight

2816 247 64 27 You
2893 247 84 27 Must
2990 247 55 26 Let
3059 246 131 27 Leaders
3204 245 96 26 Know
3318 244 81 26 Your
3413 242 87 27 Ideas
3515 242 46 27 On
3576 241 97 28 World

2805 309 8 11 ,
2987 290 95 26 Peace
3150 288 57 27 See
3223 286 151 28 Editorial
3390 286 81 32 Page
3487 287 19 25 2

3031 332 63 26 For
3106 329 179 34 Popularity
3298 329 162 28 Nominees
