3823 5118
1675 1063 159 19 cumstances
1853 1061 22 20 in
1894 1060 32 21 all
1944 1063 133 24 sovereign
2095 1065 81 20 states

1675 1096 72 22 when
1768 1096 147 27 censorship
1937 1098 20 21 is
1977 1097 128 27 justified,
2128 1099 47 22 Mr.

1676 1132 83 22 Baker
1773 1132 62 22 said.
1869 1133 75 22 News
1959 1133 19 22 is
1994 1134 123 22 censored
2132 1134 44 22 for

1675 1168 120 27 security,
1815 1169 150 26 economics,
1985 1169 120 27 political,
2126 1171 50 22 and

1677 1205 78 21 moral
1777 1212 110 17 reasons,
1908 1205 30 23 he
1959 1205 142 27 explained.
2140 1206 36 22 To

1675 1239 86 23 forbid
1800 1240 155 27 publication
1993 1241 29 22 of
2060 1242 116 23 immoral

1676 1278 107 20 matters
1804 1278 64 21 most
1890 1277 126 27 certainly
2037 1278 21 22 is
2078 1278 86 27 justifi-

1677 1312 63 27 able,
1757 1312 50 22 and
1827 1313 48 22 few
1893 1312 49 23 will
1961 1313 66 27 deny
2045 1314 58 23 that
2120 1321 42 16 cen-

1679 1350 97 26 sorship
1802 1350 42 22 for
1866 1349 43 22 the
1933 1350 60 22 sake
2019 1350 29 22 of
2072 1350 42 22 the
2140 1358 24 14 se-

1677 1385 85 27 curity
1782 1385 29 22 of
1831 1391 15 15 a
1866 1384 88 23 nation
1975 1386 82 23 under
2078 1387 98 22 certain

1677 1421 196 23 circumstances
1896 1421 20 22 is
1938 1428 144 20 necessary.

1716 1470 23 22 It
1764 1470 21 22 is
1810 1470 147 27 censorship
1984 1472 125 21 executed
2136 1472 42 21 for

1678 1503 112 32 political
1803 1506 48 22 and
1864 1506 128 23 economic
2006 1514 103 15 reasons
2122 1508 56 22 that

1679 1544 116 25 presents
1825 1542 161 27 difficulties,
2016 1543 47 22 Mr.
2095 1544 84 22 Baker

1679 1578 163 21 maintained.
1882 1578 61 22 Who
1966 1580 20 21 is
2006 1579 125 27 qualified
2151 1583 27 19 to

1680 1613 94 27 decide,
1789 1613 113 22 whether
1924 1614 42 21 the
1988 1615 69 26 right
2079 1615 29 22 of
2129 1615 49 23 full

1679 1649 166 22 information
1861 1651 19 20 is
1893 1652 44 20 not
1951 1652 146 26 trespassed
2110 1658 67 21 upon

1679 1683 25 25 la
1717 1685 71 22 these
1801 1692 77 20 cases,
1893 1686 29 22 he
1936 1686 85 22 asked.
2053 1688 57 21 And
2122 1688 56 22 who

1680 1721 49 21 will
1752 1722 129 26 supervise
1905 1722 173 27 unhampered
2102 1730 61 16 news-

1679 1757 132 28 reporting
1826 1759 23 20 in
1866 1757 71 23 those
1952 1761 80 19 states
2046 1759 84 22 where
2144 1760 34 21 all
2188 1757 1 29 ,

1679 1793 121 23 facilities
1830 1794 30 22 of
1889 1796 214 22 communication
2135 1802 44 16 are
2188 1793 1 32 j

1678 1832 167 24 government
1874 1830 96 26 owned,
2000 1831 107 25 thereby
2136 1839 30 14 en-

1679 1865 87 28 abling
1777 1866 162 26 suppression
1954 1866 28 22 of
1995 1867 34 22 all
2042 1873 67 16 news
2123 1868 56 21 that
2188 1865 1 28 <

1679 1901 42 22 the
1739 1904 66 20 state
1822 1902 85 22 deems
1926 1905 44 18 not
1988 1902 34 22 fit
2039 1903 42 21 for
2098 1903 67 27 publi-

1678 1938 93 21 cation.

1678 1980 53 21 Are
1744 1980 81 22 Other
1837 1981 106 21 Related
1957 1982 130 22 Problem*

1714 2016 81 23 There
1818 2023 44 16 are
1886 2023 76 20 many
1985 2017 74 22 other
2081 2017 99 23 related

1678 2051 127 27 problems
1832 2053 184 27 necessitating
2041 2061 33 14 an
2101 2054 79 22 inter-
2188 2051 1 29 ■

1679 2088 114 22 national
1810 2088 107 27 judicial
1936 2088 75 28 body,
2031 2089 46 22 Mr.
2097 2090 83 22 Baker

1679 2124 62 22 said.
1879 2132 37 15 we
1939 2127 92 25 expect
2052 2126 57 21 that
2130 2132 50 20 any

1679 2160 191 22 member-state
1889 2161 30 21 of
1936 2161 62 21 such
2017 2168 31 14 an
2070 2162 97 21 interna-

1679 2195 80 23 tional
1777 2196 177 27 organization
1974 2197 50 22 will
2042 2198 138 21 surrender

1678 2238 69 16 some
1762 2232 29 22 of
1807 2232 34 22 its
1855 2233 134 27 sovereign
2006 2232 81 27 rights
2103 2237 26 19 to
2145 2234 24 21 di-

1678 2270 56 20 rect
1750 2268 42 22 the
1807 2270 142 21 treatment
1963 2270 30 22 of
2008 2269 32 22 its
2053 2276 56 15 own
2125 2269 44 22 citi-

1715 2347 71 22 Even
1812 2347 22 22 if
1859 2348 126 26 complete
2010 2348 117 22 freedom
2153 2348 29 22 of

1680 2382 45 24 the
1743 2390 71 21 press
1832 2383 76 22 could
1926 2384 30 21 be
1976 2384 114 25 secured,
2109 2384 73 21 there

1679 2419 85 23 would
1780 2419 52 22 still
1849 2420 96 22 remain
1965 2420 41 22 the
2023 2419 114 27 problem
2153 2420 30 22 of

1681 2455 43 22 the
1744 2462 149 20 newspaper
1913 2455 99 26 reader,
2032 2455 48 22 Mr.
2100 2456 84 21 Baker

1681 2491 127 22 declared.
1847 2491 22 22 A
1888 2491 148 27 knowledge
2055 2491 31 22 of
2104 2491 79 22 world

1682 2526 106 28 history,
1807 2527 79 22 world
1904 2527 155 27 geography,
2078 2527 51 21 and
2147 2533 25 15 es-

1682 2563 106 22 sentials
1806 2564 24 21 in
1849 2563 42 22 the
1909 2563 78 21 social
2004 2563 180 25 relationships

1683 2605 93 20 among
1793 2598 104 27 peoples
1914 2599 50 21 and
1982 2600 23 21 in
2025 2598 101 26 foreign
2145 2598 26 22 af-

1683 2635 66 22 fairs
1768 2635 20 21 is
1810 2635 156 27 perequisite
1988 2638 26 19 to
2036 2634 49 22 full
2105 2635 67 21 inter-

1682 2670 128 27 pretation
1843 2670 50 22 and
1924 2670 203 26 understanding
2155 2670 30 21 of

1682 2707 43 22 the
1749 2708 94 26 deeper
1866 2707 120 26 meaning
2008 2706 29 22 of
2057 2706 35 22 all
2116 2712 68 16 news

1682 2744 93 21 stories
1799 2743 134 27 published
1958 2742 114 22 between
2097 2741 86 22 World

1683 2779 61 22 War
1759 2778 11 23 I
1787 2778 51 23 and
1856 2778 87 23 World
1959 2778 61 23 War
2036 2778 32 22 11.

1808 2822 42 22 the
1876 2822 133 22 American
2033 2821 92 22 reader
2146 2828 26 15 re-

1683 2858 64 22 alize
1771 2858 42 22 the
1836 2857 168 27 significance
2028 2856 27 23 of
2079 2856 106 23 Hitler's

1682 2894 87 23 march
1785 2894 54 22 into
1855 2894 44 23 the
1915 2893 155 22 Rhineland?
2089 2893 47 21 Did
2153 2894 30 20 he

1683 2930 160 22 understand
1856 2929 43 23 the
1915 2929 169 26 implications
2098 2929 28 22 of
2141 2929 42 22 the

1683 2966 183 22 assassination
1891 2965 30 23 of
1943 2965 151 23 Chancellor
2117 2964 54 23 Doll-

1683 3003 72 22 fuss?
1792 3002 48 23 Did
1860 3002 29 21 he
1909 3001 144 27 apprehend
2071 3001 43 21 the
2132 3000 39 22 fac-

1683 3041 55 19 tors
1755 3038 58 23 that
1832 3037 166 23 undermined

1684 3082 108 22 Showed
1808 3082 75 21 Same
1900 3081 139 24 Ignorance

1718 3119 130 25 Germany
1863 3117 50 22 and
1927 3117 82 26 Japan
2026 3116 100 22 showed
2142 3115 42 22 the

1683 3161 69 16 same
1771 3155 139 27 ignorance
1926 3154 72 22 when
2015 3153 62 28 they
2093 3152 78 23 under-

1684 3192 120 22 estimate
1839 3197 29 16 so
1887 3189 98 27 grossly
2004 3190 43 22 the
2067 3189 105 22 determi-

1683 3228 89 21 nation
1791 3227 51 22 and
1860 3227 44 22 the
1921 3232 84 21 power
2020 3226 29 22 of
2066 3226 43 22 the-

1687 3267 138 25 generates
1852 3265 27 21 to
2029 3261 46 22 Mr.
2104 3261 83 22 Baker

1688 3303 63 22 said.

1720 3347 52 22 The
1792 3346 104 29 peoples
1914 3346 29 23 of
1960 3346 43 22 the
2020 3345 79 23 world
2119 3346 68 20 must

1689 3385 31 22 be
1742 3383 133 23 educated.
1916 3382 59 22 This
1997 3381 21 22 is
2039 3381 42 22 the
2103 3380 71 22 exclu-

1690 3420 52 23 sive
1762 3419 113 22 solution
1893 3420 27 21 to
1938 3418 43 22 the
1999 3417 122 27 problem,
2142 3415 47 23 Mr.

1687 3457 84 22 Baker
1791 3454 112 23 avowed.
1941 3454 59 22 This
2019 3453 84 22 would
2122 3452 31 22 be
2173 3458 15 16 a

1687 3492 61 27 long
1776 3497 111 21 process,
1917 3490 138 26 extending
2085 3495 60 16 over
2174 3495 15 15 a

1687 3529 75 27 great
1784 3526 89 28 period
1898 3525 28 23 of
1948 3525 68 22 time.
2058 3524 24 22 It
2104 3524 83 22 would

1676 3552 1 35 I
1688 3564 154 22 necessitate
1913 3563 67 21 most
1997 3560 100 23 careful
2115 3566 60 21 prep-

1676 3596 1 27 -1
1687 3600 101 23 aration
1808 3598 82 23 which
1910 3604 44 16 can
1975 3597 30 23 be
2026 3596 149 27 accomplish-

1676 3631 1 28 -1
1689 3636 30 23 ed
1733 3635 102 23 neither
1849 3635 24 21 in
1888 3633 60 23 time
1963 3633 29 22 of
2004 3639 53 15 war
2070 3638 48 16 nor
2132 3631 43 22 dur-

1676 3666 2 39 |
1688 3673 43 28 ing
1748 3672 42 22 the
1808 3669 100 25 excited
1926 3668 140 23 aftermath
2083 3667 30 23 of
2128 3673 61 20 war,

1687 3708 46 22 but
1749 3707 61 28 only
1826 3706 24 22 in
1867 3706 61 22 time
1943 3705 31 22 of

2208 2610 34 19 up
2269 2603 129 27 Germany
2424 2602 107 22 because
2558 2603 60 27 they
2644 2602 64 22 have

2208 2639 65 23 done
2296 2639 42 22 the
2362 2639 84 22 actual
2469 2638 114 26 fighting:
2605 2639 23 21 in
2653 2638 55 22 that

2208 2675 130 26 country's
2359 2674 102 27 capital.

2209 2725 95 22 Should
2323 2726 34 20 Be
2375 2725 38 21 No
2430 2724 80 26 Delay

2243 2761 116 22 Another
2379 2761 74 27 angle
2474 2761 29 22 of
2523 2761 42 22 the
2584 2761 122 22 situation

2208 2805 51 15 was
2279 2798 134 26 presented
2434 2797 33 27 by
2485 2798 138 24 Rosemary
2643 2797 49 21 Mar-

2208 2833 63 27 phis,
2291 2833 80 22 Music
2390 2833 141 25 freshman,
2549 2833 56 22 who
2623 2833 85 21 thinks

2208 2870 21 22 it
2252 2877 52 15 was
2328 2876 89 20 wrong
2440 2871 26 19 to
2492 2868 74 26 delay
2591 2868 118 25 entering

2208 2904 94 27 Berlin,
2318 2905 22 22 if
2355 2912 36 15 we
2408 2905 49 22 did.
2583 2905 21 21 is
2619 2911 31 15 an
2665 2904 33 21 all-

2208 2943 45 21 out
2271 2949 59 19 war,
2351 2944 45 20 not
2414 2940 144 27 something
2576 2947 36 15 we
2632 2947 76 18 agree

2208 2979 27 20 to
2250 2977 31 22 do
2296 2984 29 15 or
2340 2979 45 21 not
2399 2979 27 19 to
2441 2976 39 22 do.
2515 2976 44 22 It's
2573 2976 93 22 foolish
2682 2977 26 21 to

2208 3020 83 21 worry
2312 3013 79 23 about
2410 3012 56 23 who
2484 3013 22 21 is
2524 3012 79 27 going
2621 3014 25 20 to
2664 3011 44 22 kill

2207 3050 65 26 who,
2291 3056 29 15 as
2339 3049 60 26 long
2418 3055 27 15 as
2465 3048 43 22 the
2528 3055 53 15 war
2600 3048 22 22 is
2639 3054 68 16 over.

2208 3086 81 22 When
2309 3086 42 23 the
2372 3085 149 23 Americans
2539 3086 45 24 got
2602 3086 27 19 to
2650 3084 45 21 Ber-

2208 3122 44 26 lin,
2273 3121 62 28 they
2356 3120 89 24 should
2467 3121 65 22 have
2554 3125 66 22 gone
2641 3120 69 26 right

2244 3208 132 28 Dentistry
2396 3207 86 23 school
2501 3207 87 22 senior
2605 3205 105 23 Francis

2209 3244 141 27 Wegmann
2374 3243 111 22 believes
2508 3243 21 21 it
2551 3242 21 23 is
2649 3247 62 22 very

2208 3280 66 27 good
2291 3280 83 27 policy
2390 3281 28 21 to
2434 3279 37 23 let
2486 3279 44 22 the
2547 3278 122 23 Russians
2686 3278 24 22 in

2210 3317 66 22 first.
2313 3316 23 22 It
2351 3315 78 22 saved
2445 3322 16 15 a
2476 3315 37 22 lot
2530 3314 30 22 of
2575 3313 135 23 American

2209 3352 63 23 lives
2288 3352 50 22 and
2353 3352 45 22 the
2413 3351 122 23 Russians
2550 3350 102 22 wanted
2668 3350 43 21 the

2210 3388 120 27 triumph.
2367 3387 64 27 Why
2448 3386 130 23 shouldn't
2593 3393 40 14 we
2647 3386 64 21 have

2214 3476 120 19 Ru.tiant
2353 3473 96 22 Should
2468 3473 71 22 Hare
2559 3473 88 21 Honor

2246 3510 112 22 Herbert
2375 3510 78 26 Kron,
2469 3509 133 26 Dentistry
2617 3507 95 28 junior,

2214 3545 105 28 pointed
2343 3547 47 20 out
2416 3545 57 22 that
2673 3543 28 22 de-

2213 3582 85 23 clared
2312 3589 53 15 war
2379 3588 32 16 on
2427 3581 117 27 England
2558 3579 50 24 and
2623 3578 91 24 Russia

2213 3617 140 28 primarily,
2390 3619 46 21 not
2469 3623 34 16 on
2538 3617 45 22 the
2619 3615 95 23 United

2215 3655 93 22 States.
2351 3653 149 26 Therefore,
2525 3653 43 23 the
2593 3651 123 23 Russians

2213 3690 90 23 should
2325 3690 64 23 have
2412 3689 44 22 the
2477 3689 82 22 honor
2579 3688 31 22 of
2631 3689 70 21 enter-

2213 3727 45 27 ing
2272 3726 44 23 the
2333 3727 111 22 German

2249 3776 51 23 Bill
2323 3776 76 28 King,
2425 3776 59 22 Law
2507 3775 141 26 freshman,
2675 3781 28 16 ex-

2214 3813 102 27 plained
2331 3813 65 25 that,
2467 3812 44 22 the
2527 3811 123 22 Russians
2665 3810 50 22 and

2215 3849 149 22 Americans
2378 3848 49 23 had
2443 3848 65 23 tried
2524 3849 28 21 to
2567 3849 74 20 enter
2655 3847 46 22 Ber-

2215 3885 36 23 lin
2288 3883 211 28 simultaneously
2534 3883 62 27 they
2632 3882 83 22 would

2217 3921 64 22 have
2306 3921 65 22 been
2396 3920 94 27 caught
2515 3920 26 22 in
2567 3919 69 23 their
2660 3925 55 16 own

2216 3957 137 23 crossfire.
2368 3957 39 22 On
2419 3956 43 22 the
2475 3956 89 26 whole,
2578 3955 43 23 the
2633 3954 83 28 policy

2216 4000 52 16 was
2289 4000 14 15 a
2324 3993 66 27 good

98 326 302 77 Loyolans
433 327 192 61 Focus
659 321 315 77 Spotlight

101 412 100 62 On
228 408 248 64 Annual
500 410 221 73 Spring
747 408 319 72 Banquets

413 504 37 26 By
464 505 124 20 ELAINE
603 504 210 21 MOULEDOUX

431 541 82 17 Society
532 541 70 16 Kditor
618 539 21 19 of
655 540 43 17 The
714 540 85 17 Maroon

96 199 199 73 Society

138 1141 40 22 Psi
208 1142 96 24 Omega
333 1140 48 21 will
411 1139 56 23 hold
494 1138 109 23 another

102 1177 61 27 juke
186 1177 48 21 box
255 1179 73 25 party
351 1176 23 22 in
396 1176 43 22 the
459 1175 143 22 Jerusalem

103 1213 104 26 Temple
223 1213 128 25 Saturday
370 1211 79 26 night.
476 1211 23 22 If
516 1210 87 28 you're

102 1256 15 16 a
146 1248 127 27 dentistry
300 1248 105 22 student
433 1248 30 22 be
490 1253 59 16 sure
577 1248 26 21 to

102 1286 73 23 make
196 1286 72 26 plans
288 1287 25 20 to
332 1284 97 24 attend.

295 1336 11 11 *
348 1336 11 11 •
400 1335 11 12 •

173 1372 51 21 The
260 1372 165 26 Appolloians
460 1369 108 26 sodality

140 1408 57 22 held
211 1418 32 12 an
259 1408 121 21 informal
396 1408 135 26 gathering
544 1408 25 19 in

139 1445 42 21 the
204 1444 103 21 student
331 1448 87 17 center
441 1443 128 25 Saturday

141 1480 78 27 night.
257 1481 100 24 Among
386 1479 72 22 those
487 1479 70 21 shoot-

140 1518 42 23 ing
205 1517 65 25 pool,
294 1516 119 25 drinking
436 1515 83 25 cokes,
542 1523 29 12 or

135 1553 137 21 otherwise
284 1552 122 26 enjoying
419 1551 152 22 themselves

140 1596 67 14 were
237 1589 47 21 Mr.
313 1587 52 22 and
395 1589 60 20 Mrs.
485 1587 86 21 James

141 1624 93 25 Heard,
249 1625 46 20 Mr.
308 1624 51 21 and
372 1624 60 21 Mrs.
445 1623 37 22 Ed
494 1623 76 26 Levy,

140 1661 79 21 Jacob
236 1661 62 21 Kirn
314 1660 50 21 and
380 1661 72 24 Mary
466 1659 90 21 Cather-

140 1698 41 19 ine
199 1696 95 25 Dartis,
312 1696 57 21 Pito
386 1695 118 22 DiGuilio
521 1695 50 20 and

141 1733 107 20 Jeannie
266 1732 117 24 DeGruy,
401 1733 46 20 Joe
465 1731 106 24 Kuebel,

142 1769 110 20 Herbert
283 1768 69 21 Kron
382 1767 49 22 and
462 1768 109 21 Frances

139 1805 140 23 O'Donnel,
309 1805 123 25 Henry
462 1801 109 26 Landry,

142 1841 109 21 Frances
288 1840 149 25 Wegmann,
474 1838 97 22 Arthur

140 1877 102 23 Blanco,
256 1877 45 21 Joe
315 1877 88 22 Smith,
417 1875 49 21 and
479 1874 94 23 Father

141 1913 78 25 Coyle
239 1912 50 21 and
309 1912 93 20 Father
422 1910 96 22 Hatrel.

299 1962 10 12 *
350 1962 11 12 *
403 1961 11 12 •

141 1999 52 22 The
216 1999 73 26 rainy
312 1998 112 23 weather
444 1997 81 22 didn't
547 1995 57 23 hold

107 2043 33 19 up
154 2036 86 25 Sigma
255 2034 82 27 Alpha
353 2033 109 26 Kappa's
476 2033 72 26 plans
563 2033 42 21 for

106 2071 68 22 their
186 2071 82 27 picnic
283 2070 110 26 Sunday.
417 2069 125 22 Members
555 2069 49 22 and

105 2107 67 22 their
192 2107 73 22 dates
287 2109 51 19 met
359 2106 24 22 in
405 2105 42 23 the
469 2105 135 22 horseshoe

105 2143 51 22 and
181 2143 77 21 drove
284 2144 26 20 to
337 2142 41 21 the
406 2139 94 24 Robert
527 2141 77 21 ranch

105 2186 62 15 over
185 2179 43 22 the
246 2179 73 26 Huey
339 2179 24 21 P.
384 2178 70 25 Long
472 2177 88 26 bridge
577 2179 27 19 to

105 2215 80 27 spend
202 2215 40 22 the
261 2214 56 27 day.

141 2266 115 25 Gregory
294 2264 113 27 Choppin
444 2264 50 22 and
532 2264 73 21 Doris

106 2302 91 25 Digby,
219 2301 61 22 Paul
301 2300 53 22 Rau
375 2300 49 22 and
446 2299 88 22 Elaine
555 2298 49 21 Mc-

101 2337 113 27 Murray,
227 2337 48 21 and
288 2336 59 22 Jeff
359 2336 96 22 Collins
465 2336 48 22 and
527 2335 77 27 Betty

107 2373 91 23 Hatrel
229 2375 75 25 spent
334 2374 59 26 part
422 2373 28 21 of
482 2371 43 22 the
556 2369 48 30 day

106 2409 128 26 watching
268 2409 42 21 the
345 2408 77 25 rising
456 2407 148 26 Mississippi

100 2446 82 28 .river,
207 2445 72 22 while
302 2445 79 21 Henri
404 2444 129 22 Alciatore
555 2442 50 23 and

105 2482 80 26 Joyce
222 2480 98 27 Kiefer,
357 2480 165 22 Maurice
560 2479 30 22 Ta-

107 2518 86 26 quino,
223 2517 50 22 and
305 2516 113 22 Maurice
448 2514 87 23 Indest
564 2521 28 15 en-

107 2553 78 27 joyed
206 2561 14 14 a
241 2559 73 20 game
336 2553 28 20 of
384 2551 106 22 softball
512 2558 31 15 on
564 2551 41 22 the

107 2589 83 26 slopes
210 2590 28 21 of
257 2589 44 21 the
321 2588 77 21 levee.

431 584 80 26 With
533 583 49 26 the
602 583 77 26 close
699 582 33 27 of
753 583 50 26 the
823 582 157 27 scholastic
1001 590 73 23 year
1093 582 30 25 in

392 620 89 30 sight,
504 619 145 32 Loyolans
668 627 51 19 are
738 619 126 31 turning
881 619 80 26 their
980 618 143 31 thoughts

392 659 30 25 to
443 656 70 28 food
536 655 50 26 for
607 655 80 27 their
709 655 101 26 bodies
832 655 104 27 rather
957 655 73 26 than
1052 654 71 27 food

390 691 49 27 for
455 692 79 26 their
550 691 107 27 minds.
685 691 131 32 Campus
832 690 223 32 organizations
1071 698 51 19 are

392 728 74 31 busy
488 728 122 30 making
632 728 68 26 final
722 729 230 29 arrangements
974 727 49 26 for
1044 726 79 27 their

391 763 109 29 annua]
516 764 154 31 banquets.

431 801 61 25 The
517 800 124 26 Maroon
665 800 80 26 staff
768 800 147 26 members
939 800 58 27 and
1020 801 103 29 guests

393 836 57 26 will
465 838 101 26 attend
582 836 49 26 the
644 836 103 32 yearly
761 835 106 32 spring
880 836 130 31 banquet
1023 837 31 24 at
1067 834 38 27 Ar-

394 872 103 27 naud's
515 874 172 25 restaurant
705 872 130 32 Monday
851 872 95 31 night.
973 872 50 26 Fr.
1039 871 68 27 Fich-

392 911 46 24 ter
456 908 58 26 will
534 908 34 27 be
585 910 203 25 toastmaster.

433 944 148 27 Members
604 944 33 27 of
660 944 95 28 Theta
781 944 73 28 Beta
879 944 59 27 will
962 944 107 31 gather
1092 945 32 25 at

394 980 130 27 Corinne
557 980 149 27 Dunbar's
739 981 186 32 Wednesday
958 979 87 31 night
1074 979 50 27 for

394 1016 78 27 their
500 1016 129 30 evening
656 1016 32 27 of
717 1016 142 30 feasting.
897 1016 73 27 New
999 1016 125 27 officers

701 1103 22 21 If
743 1110 49 18 you
812 1107 68 17 want
900 1107 26 17 to
945 1101 74 22 know
1039 1100 54 21 how

665 1146 18 20 it
704 1146 63 21 feels
787 1150 26 16 to
831 1146 30 20 be
880 1154 32 12 on
930 1154 15 12 a
962 1152 130 17 run-away

665 1188 82 25 horse,
776 1197 41 12 tee
846 1187 98 22 Donald
974 1187 118 22 Barraza.

665 1232 55 21 Don
742 1231 50 22 and
814 1231 48 21 Bill
884 1231 65 25 King
970 1231 49 21 had
1041 1231 52 24 just

665 1275 122 21 mounted
815 1275 43 22 the
885 1274 108 24 saddle*,
1021 1272 72 22 when

665 1326 47 14 one
731 1319 28 22 of
776 1318 43 22 the
836 1318 87 21 horses
941 1316 86 22 bolted
1044 1316 50 23 and

666 1370 45 14 ran
725 1362 50 25 off,
789 1362 87 26 taking
889 1362 55 20 Don
958 1362 41 21 for
1011 1370 14 13 a
1036 1359 59 22 wild

665 1405 55 21 ride
748 1406 76 24 along
855 1405 42 21 the
928 1406 75 20 river.
1042 1403 52 21 The

666 1441 87 22 horses
776 1441 121 22 returned
920 1439 176 23 unharmed—

667 1478 53 20 Don
739 1477 42 22 did
799 1481 51 17 too.
878 1477 30 21 A.
925 1477 23 21 J.
967 1476 127 21 Lousteau

666 1513 50 22 and
745 1513 84 22 Claire
859 1513 102 24 Grefer,
991 1513 104 23 Tommy

667 1549 117 22 Meunier
813 1550 50 21 and
892 1548 99 26 Shirley
1022 1547 60 21 Robi-

667 1585 81 22 chaux
762 1585 54 22 also
830 1585 111 25 enjoyed
955 1584 83 26 riding
1053 1583 42 22 the

667 1621 94 21 horses.

824 1678 10 12 »
875 1678 11 12 *
928 1677 11 12 *

667 1715 81 21 Those
764 1714 92 27 sitting
870 1713 99 23 around
985 1712 43 22 the
1045 1712 85 28 parlor

632 1750 101 27 singing
759 1756 66 16 were
855 1750 79 22 Eddie
961 1750 90 21 Brown
1079 1748 50 23 and

631 1786 92 22 Jennie
740 1786 56 22 Mae
811 1785 104 26 Firmin,
931 1785 27 21 R.
975 1785 29 21 V.
1021 1784 109 27 DeGruy

628 1822 53 22 ■and
693 1822 66 22 Jane
773 1822 130 23 Callahan,
919 1821 78 22 Eddie
1013 1821 53 21 Rau
1080 1821 49 21 and

632 1858 99 21 Carmel
755 1858 110 25 Reaney,
887 1858 49 21 and
958 1857 50 21 Leo
1030 1856 99 22 Muller.

667 1908 100 24 Among
792 1908 42 21 the
859 1910 88 23 guests
972 1907 56 21 who
1053 1906 77 22 drove

632 1951 60 15 over
706 1945 42 21 for
764 1944 43 22 the
822 1944 139 22 afternoon
978 1949 66 16 were
1061 1943 70 22 Gene

632 1980 112 22 Salatich
764 1981 48 20 and
836 1980 76 26 Betty
932 1978 111 27 Rooney,
1064 1978 66 21 John

632 2015 121 25 Salatich,
782 2015 115 22 Bernard
925 2015 35 22 St.
991 2014 139 26 Raymond,

631 2052 49 22 and
698 2052 63 22 Jack
780 2052 109 21 Fortier.

667 2102 26 22 C.
708 2103 23 21 S.
746 2102 80 22 Dazet
838 2102 49 22 and
901 2101 115 27 Dorothy
1028 2098 103 28 Adams,

631 2139 94 25 Jimmy
771 2137 143 22 McGovern
962 2137 50 22 and
1057 2136 75 22 Aline

633 2174 103 26 Stubbs,
759 2174 50 22 and
833 2173 91 26 Kenny
947 2172 96 22 Robert
1065 2172 67 22 tried

632 2210 67 21 their
725 2209 58 22 luck
809 2209 24 22 in
860 2216 15 15 a
900 2214 74 21 game
999 2209 29 21 of
1054 2208 79 25 poker

632 2247 66 22 later
715 2247 25 21 in
761 2246 42 22 the
823 2245 117 26 evening.

821 2295 12 13 »
874 2295 11 13 •
925 2295 12 13 •

667 2333 52 22 The
748 2332 126 26 midnight
901 2330 98 22 curfew
1025 2330 96 22 necessi-

632 2369 71 22 tated
720 2369 42 21 the
779 2368 71 26 early
866 2370 67 20 start
948 2368 28 21 of
992 2366 43 23 the
1052 2366 69 22 fresh-

632 2404 222 26 man-sophomore
869 2402 156 28 promenade
1041 2402 93 27 Friday

632 2440 72 27 night
720 2442 26 20 at
760 2440 43 22 the
818 2440 62 22 New
895 2439 108 23 Orleans
1018 2438 116 25 Country

632 2477 65 22 club.
721 2478 51 20 But
784 2476 43 22 the
841 2475 119 23 students
973 2474 82 22 didn't
1066 2480 68 16 seem

632 2516 27 19 to
679 2512 69 22 mind
770 2512 43 22 the
834 2511 105 28 novelty
959 2512 30 21 of
1009 2510 79 27 going
1107 2511 27 20 to

632 2550 43 21 the
691 2549 79 21 dance
787 2551 27 19 at
829 2549 13 20 8
858 2554 58 20 p.m.
933 2545 100 23 instead
1049 2546 29 21 of
1091 2545 43 22 the

634 2584 72 23 usual
721 2585 30 21 10
764 2590 67 19 p.m.,
845 2590 28 15 as
885 2583 43 22 the
941 2582 97 26 largest
1050 2580 84 22 crowd

1156 1776 29 22 of
1206 1776 44 22 the
1272 1782 90 16 season
1385 1775 124 25 gathered
1531 1777 28 20 to
1579 1775 77 26 enjoy

1157 1812 43 22 the
1213 1811 90 22 affair.

1192 1862 101 24 Among:
1312 1861 43 21 the
1374 1868 76 18 many
1471 1860 125 26 Loyolans
1615 1868 28 14 en-

1156 1897 91 27 joying
1268 1897 42 22 the
1332 1897 79 22 music
1433 1897 28 22 of
1483 1897 88 26 Henry
1593 1897 48 26 Ray-

1156 1934 77 21 mond
1251 1933 50 21 and
1320 1933 38 21 his
1377 1932 132 23 orchestra
1526 1939 66 15 were
1609 1932 47 22 Joe

1159 1969 112 22 McDade
1287 1969 50 22 and
1351 1969 49 27 Joy
1415 1969 103 25 Larose,
1532 1969 51 22 Jim
1597 1969 45 21 Car-

1158 2008 40 19 ter
1227 2005 50 21 and
1308 2004 106 23 Edwina
1443 2003 103 27 Prados,
1576 2003 80 23 Emile

1158 2041 93 22 Comar
1283 2041 50 22 and
1367 2040 122 26 Marjorie
1521 2040 135 26 Zollinger,

1159 2077 99 25 George
1276 2076 109 22 Meiman
1400 2076 50 22 and
1465 2076 78 26 Betty
1558 2076 97 26 Hatrel,

1159 2113 90 27 Buddy
1267 2113 61 22 Faia
1346 2112 50 22 and
1416 2112 71 26 Mary
1506 2113 58 21 Ann
1583 2112 55 22 Wad-

1158 2148 58 25 den,
1244 2147 28 22 T.
1300 2148 23 22 J.
1354 2147 144 22 Whittaker
1526 2147 49 22 and
1604 2146 52 27 Fay

1159 2184 80 25 Vilac,
1256 2184 103 27 Johnny
1377 2184 89 22 Harris
1482 2184 49 22 and
1549 2183 106 22 Freddie

1160 2220 104 25 Trelles,
1295 2219 50 23 Leo
1376 2219 91 23 Muller
1497 2219 49 23 and
1575 2219 81 22 Grace

1160 2256 105 26 Quealy,
1284 2256 47 22 Joe
1352 2255 141 26 Gurievsky
1513 2256 49 22 and
1579 2255 78 22 Janet

1159 2292 100 25 Young,
1277 2292 75 25 Beryl
1370 2291 95 22 Laufer
1482 2292 49 22 and
1548 2290 108 27 Marilyn

1161 2328 96 25 Latter,
1281 2328 69 26 Greg
1373 2327 115 27 Choppin
1511 2327 50 22 and
1585 2327 72 26 Mary

1161 2364 51 22 Lou
1233 2363 94 26 Keller,
1349 2363 58 22 Sam
1427 2363 99 22 Ciolino
1545 2363 49 22 and
1614 2362 30 22 Es-

1160 2400 60 22 telle
1237 2399 120 27 Raphael,
1372 2399 103 27 Johnny
1490 2398 103 22 Casteix
1609 2398 48 23 and

1161 2435 94 22 Lucille
1277 2435 86 26 Lusso,
1385 2434 82 27 Leroy
1489 2433 99 23 Chollet
1608 2433 50 23 and

1161 2471 72 23 Edna
1253 2472 56 21 Mae
1327 2471 90 26 Assen,
1435 2470 51 23 Jim
1504 2470 87 23 Bonck
1609 2470 49 23 and

1161 2508 78 25 Betty
1257 2506 114 26 Guiffre,
1390 2506 58 23 Sam
1467 2506 125 22 Foreman
1609 2506 50 22 and

1159 2543 69 27 Judy
1250 2543 78 25 West,
1351 2542 92 27 Buddy
1465 2541 122 28 Chaplain
1609 2542 50 21 and

1161 2579 139 25 Rosemary
1316 2577 104 23 Martin.

103 1055 48 21 will
171 1056 29 20 be
218 1055 118 21 inducted

1151 205 216 64 Debate
1393 203 139 65 Club
1555 210 73 56 To

1153 288 131 65 Elect
1316 289 239 64 Officers

1192 376 180 47 Zollinger,
1394 379 83 44 King
1494 378 79 35 Win

1194 430 195 42 Argument
1403 428 57 35 On
1476 426 139 37 Cartels

1190 492 61 27 The
1288 492 178 27 Edward
1504 492 146 32 Douglass

1151 536 97 26 White
1278 536 144 32 debating
1450 537 111 32 society
1591 535 59 27 will

1150 580 73 27 elect
1243 580 113 27 officers
1376 581 31 26 at
1427 581 39 26 its
1486 580 57 27 last
1561 582 72 25 meet-

1150 624 51 30 ing
1238 624 33 26 of
1306 624 50 27 the
1394 624 149 26 academic
1578 631 73 24 year

1149 666 186 33 Wednesday
1360 669 30 25 at
1414 668 16 25 7
1455 675 66 23 p.m.
1549 668 27 25 in
1600 667 50 26 the

1149 702 123 28 student
1326 704 110 25 center.
1493 702 158 27 President

1148 739 129 27 William
1294 740 88 30 King,
1399 740 72 26 Law
1485 739 164 28 freshman,

1149 774 59 27 will
1234 783 72 18 soon
1333 775 83 26 leave
1441 775 49 26 for
1515 775 50 26 the
1590 783 41 18 ma-

1154 812 69 22 rines
1251 812 49 22 and
1331 812 57 22 Mae
1416 812 72 25 Cain,
1516 813 137 24 secretary,

1154 848 48 22 will
1217 848 126 25 graduate
1359 849 24 21 in
1399 849 67 25 May.

1190 898 66 25 King
1271 898 50 22 and
1337 898 123 25 Marjorie
1475 897 135 25 Zollinger,
1626 897 28 22 of

1153 933 43 23 the
1209 934 119 26 negative
1339 934 63 26 side,
1415 933 121 22 defeated
1549 933 104 22 Charles

1156 970 102 22 Merritt
1274 970 49 22 and
1341 970 107 23 Coralee
1466 970 80 22 Leard
1564 970 23 22 in
1604 969 50 22 this

1153 1005 92 22 week's
1264 1005 101 22 debate.
1394 1005 112 26 Merritt,
1526 1005 43 22 the
1588 1005 52 22 vice-

1154 1042 138 27 president,
1310 1041 156 23 substituted
1482 1043 44 21 for
1541 1042 112 21 Maurice

1155 1078 123 26 Taquino,
1292 1078 60 21 Arts
1365 1078 50 22 and
1430 1078 118 22 Sciences
1560 1077 93 22 senior.

1189 1128 51 23 The
1256 1128 162 23 affirmative
1433 1128 115 23 asserted
1562 1128 57 22 that
1632 1128 22 22 if

1154 1171 14 16 a
1182 1166 94 25 system
1289 1165 28 22 of
1331 1165 94 22 cartels
1438 1165 21 21 is
1472 1165 61 22 used
1548 1165 23 22 in
1586 1166 54 25 post-

1153 1208 53 15 war
1218 1200 184 23 international
1415 1199 82 27 trade,
1509 1201 83 26 prices
1604 1200 49 21 will

1154 1237 30 22 be
1213 1236 141 27 stabilized,
1383 1237 130 22 economic
1542 1237 111 26 security

1154 1272 50 22 will
1224 1272 30 22 be
1275 1272 121 22 obtained
1417 1273 49 22 and
1488 1267 165 31 competition

1154 1309 50 22 will
1224 1316 32 15 no
1278 1309 88 26 longer
1387 1315 76 16 cause
1484 1308 42 23 the
1548 1309 107 22 conflict

1155 1346 79 22 which
1246 1345 71 23 leads
1327 1347 27 21 to
1366 1352 59 16 war.

1190 1396 52 22 The
1256 1396 120 27 negative
1390 1396 121 22 rebutted
1523 1395 43 23 the
1580 1401 60 19 argu-

1156 1434 70 19 ment
1250 1431 34 27 by
1307 1431 92 27 saying
1423 1430 57 24 that
1505 1432 81 26 prices
1612 1438 43 15 are

1156 1468 132 22 stabilized
1303 1469 28 20 at
1345 1475 15 15 a
1375 1468 59 25 high
1449 1468 73 24 level,
1538 1467 60 27 only
1612 1468 42 22 the

1156 1504 42 26 big
1212 1504 116 22 business
1344 1511 55 15 men
1415 1503 81 28 really
1510 1503 83 27 profit
1605 1503 50 22 and

1157 1540 56 22 that
1235 1540 43 22 the
1300 1546 56 21 way
1380 1540 129 26 Germany
1531 1540 125 26 procured

1156 1576 45 21 her
1219 1578 158 19 armaments
1398 1576 42 22 for
1460 1575 51 22 this
1531 1583 53 15 war
1604 1582 51 15 was

1157 1612 33 27 by
1210 1612 158 26 subsidizing
1390 1612 103 26 foreign
1517 1612 139 22 industries

1156 1648 49 21 and
1223 1647 167 26 withholding
1405 1648 63 22 vital
1485 1654 53 15 raw
1554 1648 88 21 materi-

1157 1684 37 22 als
1210 1684 49 22 and
1277 1685 111 25 patents.

1677 236 172 47 Dentistry
1866 236 181 37 Freshmen

1676 284 93 38 Elect
1789 286 74 37 Paul
1886 284 210 48 Kavanaugh

1747 345 62 21 Paul
1839 344 158 27 Kavanaugh
2024 354 51 13 was
2104 354 26 13 re-

1712 380 86 26 cently
1808 381 99 21 elected
1917 381 132 25 president
2060 381 27 22 of
2100 381 43 21 the

1713 417 131 21 freshman
1861 417 133 27 Dentistry
2010 417 72 24 class,
2100 417 28 22 de-

1716 453 98 26 feating
1841 453 65 21 John
1933 453 71 22 Cone
2029 453 50 21 and
2105 453 37 22 Ed

1714 489 97 21 Harris.

1747 532 81 21 Other
1855 531 110 22 officers
1993 541 54 13 are:
2078 533 52 21 vice-

1714 567 137 26 president,
1866 569 52 21 Bob
1931 567 100 26 Didion,
2043 568 86 21 defeat-

1715 605 41 24 ing
1773 604 103 26 Eugene
1893 604 99 26 Mickey
2008 604 50 22 and
2073 605 70 25 Cyril

1715 640 92 25 Burck;
1856 644 138 21 secretary,
2041 641 102 21 Oswald

1715 676 107 26 Spence;
1848 682 207 20 treasurer,
2076 677 67 21 John

1715 712 81 25 Miles;
1817 712 102 21 student
1940 713 99 21 council
2059 720 70 17 repre-

1714 749 134 24 sentative,
1861 748 84 22 Frank
1958 748 120 27 Herbert;
2092 748 51 22 and

1714 784 51 21 and
1787 785 151 20 intramural
1960 789 83 21 sports
2065 785 65 21 direc-

1716 825 46 20 tor,
1782 820 73 22 Allen
1872 821 123 26 Copping.

2202 182 211 64 Church
2443 182 234 77 Ignored

2200 273 81 56 As
2297 273 189 58 Never
2502 267 193 65 Before

2244 354 119 36 Round
2379 355 105 36 Table
2501 356 176 35 Discusses

2244 404 151 36 Modern
2413 405 86 36 Lack
2515 406 53 36 Of
2584 406 91 37 Faith

2354 472 25 27 is
2402 472 51 27 the
2477 473 74 28 first
2573 474 73 27 time
2670 475 30 26 in

2198 506 118 33 history
2339 508 68 27 that
2430 517 32 19 so
2485 517 90 25 many
2599 511 102 32 people

2198 544 75 26 have
2289 552 38 19 no
2343 544 125 32 religion

2198 579 50 27 the
2260 579 70 27 Rev.
2343 580 78 27 John
2434 582 34 27 A.
2483 582 136 33 Toomey,
2634 582 66 31 S.J.,

2197 615 155 28 chairman
2363 617 34 26 of
2408 617 50 26 the
2470 617 122 32 Sunday
2604 626 78 19 morn-

2202 651 51 31 ing
2281 654 94 26 round
2402 654 81 27 table
2511 662 35 18 on
2575 654 125 32 religion

2199 688 65 27 said
2281 691 32 24 at
2330 689 49 26 the
2397 689 165 28 discussion
2580 690 121 33 Sunday

2199 725 28 25 in
2242 724 169 32 Marquette
2422 726 278 27 auditorium.

2199 759 96 23 Father
2326 762 110 26 Toomey
2468 763 93 27 quoted
2593 763 108 22 Thomas

2200 796 147 26 Woodlock,
2386 798 66 22 head
2492 798 29 22 of
2561 798 63 22 Wall
2665 799 35 22 St.

2198 832 110 23 Journal
2325 835 49 21 and
2393 841 15 14 a
2425 834 104 27 leading
2546 835 121 23 Catholic.

2350 884 43 22 the
2419 891 98 20 pagans
2543 885 158 27 worshipped

2201 926 69 15 some
2297 919 83 27 Being
2404 923 104 24 greater
2534 921 61 22 than
2622 921 64 22 them-

2325 956 53 23 said
2397 957 94 22 Father
2507 958 120 26 Toomey,
2645 964 43 16 con-

2199 991 103 26 tinuing
2324 993 142 25 quotation.
2597 994 103 21 modern

2201 1028 89 26 people
2312 1028 63 22 have
2397 1030 45 21 not
2463 1035 62 17 even
2548 1029 49 23 this
2617 1029 71 28 primi-

2201 1064 58 21 tive-
2273 1065 67 21 form
2360 1064 30 22 of

2201 1114 86 21 States
2303 1115 112 26 Purpose
2430 1116 29 21 of
2473 1117 87 25 Group

2337 1157 111 22 purpose
2479 1151 29 22 of
2540 1152 50 22 this
2620 1152 80 22 round

2199 1186 71 23 table
2286 1193 82 21 group
2386 1188 21 22 is
2424 1191 25 21 to
2467 1188 32 22 do
2516 1189 68 21 what
2601 1195 36 15 we
2655 1195 45 15 can

2201 1224 27 20 to
2255 1225 109 24 prevent
2391 1223 255 27 misrepresentation
2673 1224 29 22 of

2201 1259 41 22 the
2258 1258 100 23 Church
2372 1261 24 20 in
2410 1260 42 22 the
2467 1267 91 20 papers
2572 1261 48 22 and
2634 1267 50 19 mag-

2201 1294 94 27 azines,
2323 1295 50 22 and
2399 1297 27 20 to
2452 1296 95 22 inform
2574 1296 128 23 Catholics

2381 1332 95 22 Father
2502 1332 111 26 Toomey
2640 1333 50 21 stat-

2200 1366 39 23 ed.

2236 1419 36 22 To
2303 1419 154 26 accomplish
2489 1419 50 23 this
2569 1420 59 25 aim,
2660 1420 42 22 the

2203 1461 82 21 group
2301 1457 81 20 meets
2398 1462 77 20 every
2491 1456 90 21 fourth
2600 1455 102 27 Sunday

2195 1486 1 32 I
2204 1493 27 19 to
2250 1491 107 26 analyze
2375 1498 69 15 news
2464 1492 75 22 items
2558 1492 145 26 pertaining

2201 1528 28 19 to
2241 1526 107 27 religion
2362 1526 49 22 and
2424 1529 27 20 to
2463 1526 99 23 discuss
2573 1527 49 22 and
2635 1527 57 22 criti-

2195 1562 1 24 ,
2201 1562 52 22 cize
2268 1562 77 22 them.
2361 1563 102 22 Letters
2476 1570 44 16 are
2534 1565 57 20 sent
2605 1564 82 21 month-

2201 1598 26 28 ly
2243 1600 27 20 to
2288 1599 103 22 various
2408 1605 170 21 newspapers,
2598 1599 90 22 defend-

2202 1635 44 25 ing
2264 1634 116 24 Catholic
2401 1635 144 26 principles.

2203 1685 61 20 Hint
2281 1685 28 21 of
2325 1685 86 21 Trend

2238 1720 35 22 As
2295 1728 15 15 a
2331 1721 58 23 hint
2410 1722 31 21 of
2462 1722 41 22 the
2526 1722 75 21 trend
2623 1722 80 22 which

2195 1756 1 30 ;
2202 1756 43 24 the
2274 1764 109 20 average
2413 1758 68 21 mind
2510 1758 21 22 is
2559 1758 98 26 taking,
2684 1758 19 22 it

2202 1800 51 15 was
2270 1793 104 27 pointed
2393 1796 45 19 out
2456 1793 56 23 that
2528 1793 43 22 the
2590 1793 113 22 Catholic

2203 1829 61 22 Best
2307 1829 94 22 Sellers
2440 1829 141 27 magazine,
2623 1830 80 22 which

2195 1865 1 27 *
2203 1866 106 21 reviews
2333 1865 43 22 the
2402 1868 66 19 most
2493 1866 109 26 popular
2626 1866 77 21 books

2203 1901 30 22 of
2267 1902 43 22 the
2347 1902 135 21 American
2518 1902 94 26 public,
2646 1908 43 16 con-

2203 1937 88 21 demns
2308 1940 66 19 most
2391 1937 32 22 of
2438 1937 43 22 the
2500 1937 79 23 books
2596 1944 29 15 as-

2202 1973 34 23 fit
2251 1975 26 20 to
2293 1974 30 21 be

2237 2016 46 22 Mr.
2319 2016 105 24 Charles
2458 2017 75 21 Rivet
2568 2017 135 26 suggested

2203 2052 56 23 that
2276 2058 70 15 more
2364 2059 88 20 young
2468 2051 89 28 people
2576 2052 30 22 be
2625 2053 78 25 urged

2203 2090 27 21 to
2243 2088 89 22 attend
2348 2088 43 22 the
2406 2088 104 26 Sunday
2524 2089 119 25 morning
2657 2088 35 22 dis-

2203 2123 122 23 cussions.
2424 2123 82 22 would
2526 2123 31 22 be
2576 2124 65 26 good
2663 2123 40 22 for

2205 2161 42 22 the
2264 2167 87 21 young
2367 2159 89 28 people
2473 2162 26 21 to
2517 2167 104 20 express
2637 2160 66 22 their

2204 2196 69 22 ideas
2288 2203 31 14 on
2336 2195 72 22 these
2424 2202 67 15 news
2507 2196 103 21 articles
2623 2195 80 22 which

2204 2233 86 21 attack
2313 2232 42 22 the
2378 2231 116 23 Catholic
2516 2232 116 26 religion,
2655 2231 48 22 and

2204 2275 16 14 a
2240 2268 52 21 few
2312 2274 86 20 young
2419 2267 88 27 people
2529 2266 123 28 speaking
2673 2274 30 14 on

2204 2311 15 16 a
2237 2304 104 28 Sunday
2359 2303 82 22 would
2460 2303 53 22 also
2530 2304 114 22 increase
2663 2303 40 21 the

2205 2339 153 22 attendance
2379 2341 27 20 at
2425 2340 43 21 the
2658 2338 45 22 Mr.

2195 2375 2 23 I
2207 2376 73 22 Rivet
2297 2375 63 23 said.

2732 325 408 74 Georgetown
3170 323 137 75 Hoy
3310 344 39 39 a
3384 316 367 68 Celebrates

2731 404 426 79 Twenty-Fifth
3190 406 408 72 Anniversary

3037 495 36 25 By
3092 494 119 22 MADGE
3227 494 213 21 PRUDHOMME

2727 207 255 73 £xckanje

3078 529 265 31 Congratulations
3358 536 52 19 are
3426 529 30 25 in
3472 528 87 26 order
3575 531 31 23 to
3622 527 109 31 George-

3020 567 79 25 town
3122 565 168 32 university
3312 573 35 18 on
3369 564 50 27 the
3440 564 203 32 twenty-fifth
3665 564 68 27 anni-

3013 610 123 26 versary
3157 602 79 27 issue
3254 611 16 17 o
3287 602 94 27 ftheir
3399 608 123 25 campus
3540 600 121 32 weekly,
3681 601 62 26 The

3021 639 92 32 Hoya.
3159 638 122 27 Printed
3305 640 29 25 in
3357 637 102 32 bright
3480 637 76 30 blue,
3578 636 62 27 The
3664 636 84 33 Hoya

3020 676 155 31 presented
3192 684 38 18 an
3247 674 179 32 interesting
3440 674 116 31 history
3570 673 34 27 of
3616 674 51 26 the
3679 675 70 30 past

3013 712 35 26 25
3075 719 88 24 years
3190 711 33 27 of
3247 718 176 25 newspaper
3450 709 83 27 work
3558 712 31 25 at
3616 709 108 31 George-

3012 751 90 24 town.

3319 784 13 14 *
3377 783 13 14 *
3435 784 12 14 *

3078 820 123 32 Clipped
3218 819 79 27 from
3315 820 50 27 the
3379 819 134 32 Colegio:
3533 818 113 32 Prayer
3661 818 33 26 of
3709 826 38 19 an

3013 856 189 32 advertising
3219 856 94 27 man's
3331 856 94 26 child:
3555 862 34 19 us
3606 855 61 26 this
3685 855 57 31 day

3015 901 55 18 our
3090 893 79 31 daily
3188 893 105 30 golden
3313 892 94 31 krust,
3427 890 161 31 slo-baked,
3607 890 120 27 vitamin-

3015 929 140 27 enriched

3318 965 12 13 *
3375 964 13 14 *
3433 963 13 15 *

2729 1078 54 22 heir
2796 1080 26 19 to
2837 1085 31 15 an
2883 1077 98 22 exhibit
2994 1077 29 22 of
3035 1084 14 15 a
3064 1077 98 27 private
3177 1077 36 21 col-

2724 1114 93 22 lection
2835 1114 30 22 of
2881 1116 99 25 poetry,
2995 1113 169 27 unpublished
3181 1113 44 21 let-

2726 1153 60 23 ters,
2806 1150 49 22 and
2875 1156 74 20 prose
2969 1149 28 22 of
3016 1149 44 23 the
3079 1149 60 22 Rev.
3159 1149 66 22 John

2727 1188 137 21 Bannister
2883 1186 78 22 Tabb.

2795 1223 94 22 Father
2910 1223 78 25 Tabb,
3012 1232 14 12 a
3049 1223 143 25 Virginian,

2761 1268 51 13 wa*
2829 1260 59 26 kept
2908 1265 45 16 out
2972 1259 28 22 of
3020 1259 42 22 the
3081 1259 96 22 Confed-

2761 1300 71 19 erate
2849 1304 72 17 army
2939 1296 32 25 by
2988 1304 62 17 poor
3067 1296 125 25 eyesight,

2761 1332 50 21 and
2832 1333 102 20 became
2955 1340 15 13 a
2991 1331 123 22 blockade
3134 1341 45 12 run-

2761 1377 46 13 ner
2821 1368 107 23 instead.
2945 1368 77 22 After
3037 1369 42 21 the
3095 1376 53 13 war
3162 1370 30 20 he

2761 1405 100 22 studied
2879 1409 26 17 to
2922 1405 104 21 become
3043 1414 31 12 an
3093 1405 86 26 Episco-

2761 1442 40 26 pal
2816 1442 122 21 minister.
2971 1441 81 22 While
3066 1441 76 26 doing
3157 1449 35 16 so,

2765 1478 30 22 he
2808 1478 102 21 became
2925 1486 13 13 a
2951 1477 115 22 Catholic
3079 1478 51 22 and
3142 1486 50 12 was

2762 1513 123 23 ordained
2907 1514 24 21 in
2955 1515 73 21 1884.
3069 1514 26 21 In
3120 1514 72 23 1900,

2762 1550 94 21 Father
2880 1550 70 20 Tabb
2978 1550 48 21 lost
3053 1549 37 22 his
3118 1550 74 25 sight,

2763 1586 46 21 but
2833 1585 140 22 continued
2998 1586 102 26 writing
3127 1585 65 22 until

2764 1623 31 21 he
2821 1623 57 21 died
2904 1622 42 21 the
2972 1621 132 27 following
3130 1629 63 17 year

2763 1658 66 22 from
2850 1667 14 12 a
2884 1658 125 27 paralytic
3029 1658 94 22 stroke.

2921 1702 11 12 *
2971 1702 12 12 *
3024 1701 11 13 «

2763 1739 53 22 The
2838 1738 148 28 University
3009 1738 28 22 of
3059 1738 103 26 Alaska,
3186 1738 41 22 the

2728 1777 65 19 most
2809 1774 122 22 northern
2947 1774 84 27 major
3047 1774 140 27 university
3203 1775 22 21 in

2717 1807 2 29 1
2728 1811 43 22 the
2799 1811 86 24 world,
2915 1811 71 25 gives
3014 1817 28 15 as
3070 1810 33 21 its
3124 1810 104 22 address

2729 1846 43 23 64°
2790 1846 40 23 51'
2906 1846 84 22 north.

2921 1890 11 13 »
2972 1890 11 12 *
3024 1889 12 13 *

2764 1927 141 26 Returning
2934 1927 66 21 from
3034 1933 15 15 a
3081 1926 147 27 veterinary

2730 1963 162 25 convention,
2920 1970 31 14 an
2981 1962 67 21 lowa
3076 1962 72 22 State
3176 1964 39 19 stu-

2728 1999 61 22 dent
2809 2005 69 15 came
2899 1998 106 25 bearing:
3024 2005 14 15 a
3058 1998 51 26 gift
3129 1998 42 23 for
3190 1998 38 22 his

2717 2034 1 33 j
2728 2037 57 19 true
2808 2034 63 22 love.
2914 2034 23 23 It
2958 2041 51 15 was
3032 2042 31 15 an
3087 2034 141 22 emaciated

2729 2071 65 22 little
2819 2072 44 25 toy
2887 2071 50 25 dog
2959 2071 60 21 with
3043 2070 109 23 crooked
3175 2071 54 25 legs

2805 2114 14 14 a
2845 2106 96 22 soulful
2968 2106 155 27 expression.
3168 2106 60 22 Tied

2728 2143 98 22 around
2844 2143 33 22 its
2894 2143 63 22 neck
2976 2149 50 16 was
3045 2143 42 21 the
3105 2148 123 19 message,

2826 2178 50 27 dog
2894 2179 78 22 needs
2991 2185 14 15 a
3024 2181 43 19 vet
3086 2185 28 16 as
3132 2178 49 22 bad
3202 2186 27 14 as

2729 2221 49 21 you
2797 2215 39 25 do,
2855 2215 11 22 I

2922 2259 11 12 *
2974 2259 11 11 »
3026 2258 11 12 »

2766 2294 53 22 One
2843 2294 66 22 V-12
2933 2294 105 23 student
3060 2297 27 19 at
3110 2294 120 26 Gonzaga

2729 2330 142 28 university
2889 2331 93 21 almost
3000 2330 174 23 transformed
3193 2330 37 22 his

2731 2366 69 22 dorm
2819 2367 53 21 into
2889 2373 15 15 a
2921 2366 63 27 ship.
3020 2366 80 23 While
3118 2366 112 24 washing

2731 2402 38 22 his
2792 2402 57 22 face
2872 2402 31 22 he
2927 2402 87 27 placed
3038 2409 47 16 one
3108 2402 67 23 hand
3197 2408 32 16 on

2730 2438 43 22 the
2796 2439 64 21 sink.
2900 2438 52 22 The
2974 2438 55 23 sink
3053 2438 63 22 sunk
3138 2440 27 20 to
3187 2438 43 22 the

2718 2474 3 27 '
2731 2474 76 26 floor,
2832 2474 126 27 snapping
2982 2474 41 22 off
3047 2474 42 22 the
3114 2474 44 22 hot
3181 2474 49 22 and

2719 2509 2 28 ;
2731 2510 55 22 cold
2809 2513 79 18 water
2910 2510 71 26 pipes
3003 2517 29 16 en
3055 2512 81 21 route.
3176 2509 41 22 Fel-

2732 2546 47 22 low
2798 2546 118 22 students
2936 2546 93 22 dashed
3049 2546 85 26 madly
3153 2546 78 21 about

2733 2582 41 23 the
2797 2589 79 18 room,
2899 2582 92 21 turned
3014 2580 43 24 off
3078 2582 42 22 the
3143 2583 87 24 water,

2732 2618 96 26 opened
2850 2618 43 22 the
2914 2618 120 21 windows
3056 2617 48 22 and
3125 2617 105 22 allowed

2731 2654 42 21 the
2789 2653 52 22 tide
2858 2656 25 20 to
2899 2653 91 22 recede
3006 2652 112 27 slightly.

2923 2690 13 12 •
2975 2690 12 12 •
3027 2689 13 13 *

2802 2726 75 21 From
2921 2726 42 21 the
3007 2724 190 26 thoroughbred

2767 2767 108 20 country
2893 2762 98 21 arrives
3009 2762 42 21 the
3070 2770 68 13 news
3157 2761 41 21 for

2767 2798 72 27 plans
2863 2798 42 22 for
2928 2798 42 21 the
2993 2797 155 22 observance
3170 2797 28 21 of

2770 2834 55 22 V-E
2839 2834 55 26 Day
2908 2842 30 13 or
2951 2833 90 27 V-Day
3054 2839 27 16 at
3094 2834 105 24 Murray

2767 2870 96 25 college
2881 2872 24 19 in
2924 2869 143 25 Kentucky.
3085 2869 35 20 As
3136 2877 61 13 soon

2767 2914 27 13 as
2814 2905 42 22 the
2876 2913 67 14 news
2961 2905 104 22 reaches
3086 2905 112 25 Murray,

2767 2942 127 21 attention
2915 2941 49 21 will
2983 2941 31 21 be
3032 2940 81 22 called
3133 2940 32 27 by
3184 2948 15 12 a

2768 2977 65 22 blast
2858 2977 30 22 of
2911 2980 126 23 trumpets
3064 2976 67 22 from
3156 2976 43 21 the

2767 3014 59 20 roof
2845 3013 29 21 of
2894 3013 43 21 the
2957 3011 164 23 auditorium.
3141 3011 45 22 Stu-

2767 3049 75 22 dents
2858 3049 50 22 and
2927 3048 99 26 faculty
3040 3048 51 21 will
3107 3052 45 17 not
3169 3048 30 20 be

2767 3085 59 22 held
2843 3090 25 17 to
2885 3093 50 17 any
2952 3084 103 26 regular
3071 3082 128 23 schedule.

2768 3121 82 21 There
2888 3120 50 22 will
2976 3120 32 22 be
3047 3120 153 21 continuous

2767 3156 150 22 broadcasts
2931 3156 28 21 of
2973 3164 68 14 news
3054 3159 101 22 reports
3168 3163 32 13 on

2769 3192 42 22 the
2827 3192 61 22 loud
2902 3192 129 27 speaker's
3046 3191 113 26 hook-up
3174 3194 27 18 at

2769 3229 43 22 the
2828 3227 164 24 auditorium.

2927 3264 11 13 •
2978 3264 12 12 *
3030 3264 13 13 •

2770 3302 20 21 A
2813 3300 136 23 columnist
2969 3300 25 22 in
3016 3299 110 26 Georgia
3147 3298 87 22 Tech's

2735 3336 145 27 Technique
2912 3335 128 23 describes
3070 3341 50 16 one
3142 3334 29 23 of
3194 3334 40 22 the

2736 3372 71 27 early
2840 3372 118 25 morning
2990 3371 72 22 radio
3095 3377 139 20 programs.

2738 3409 54 24 Thie
2816 3407 176 30 disguistjingly
3017 3406 123 27 cheerful;
3163 3406 71 22 radio

2736 3451 148 16 announcer
2899 3443 94 22 breaks
3007 3442 44 23 the
3068 3442 70 26 early
3154 3448 64 16 morn-

2736 3481 44 26 ing
2795 3479 52 23 still
2862 3479 60 23 with
2940 3486 15 15 a
2971 3479 77 27 sharp

2737 3517 60 23 This
2813 3517 20 21 is
2849 3515 120 23 followed
2987 3514 33 27 by
3036 3521 15 15 a

3250 1116 24 22 It
3292 1116 134 22 continues
3558 1121 42 20 on,
3619 1121 70 17 come
3707 1121 42 20 on,

3249 1159 50 21 you
3313 1151 172 27 sleepy-head,
3499 1153 44 24 get
3555 1151 46 26 up!
3617 1151 65 22 GET
3695 1151 54 22 UP!

3251 1188 68 22 Let's
3341 1191 44 24 get
3407 1193 70 17 more
3500 1187 106 22 vertical
3629 1188 49 22 and
3701 1187 49 22 less

3464 1223 58 25 (It's
3545 1223 62 22 been
3631 1223 119 22 rumored

3253 1261 56 21 that
3330 1260 72 22 there
3425 1260 21 22 is
3467 1268 14 14 a
3503 1261 145 21 movement
3669 1259 82 23 under

3250 1303 56 20 way
3323 1298 27 20 to
3366 1295 73 23 make
3456 1296 43 21 the
3516 1302 148 16 announcer
3680 1301 70 16 more

3251 1331 142 23 horizontal
3408 1331 50 22 and
3473 1332 50 21 less
3536 1331 129 26 vertical.)

3431 1381 11 14 *
3495 1381 12 13 »
3548 1381 12 13 •

3284 1432 25 23 It
3326 1432 70 22 looks
3414 1431 85 23 better
3515 1431 25 22 in
3558 1431 77 27 print:

3361 1475 48 22 you
3430 1468 97 22 believe
3547 1469 25 20 in

3377 1504 46 23 but
3436 1504 10 22 I
3461 1504 73 22 think

3252 1541 21 22 is
3293 1541 55 27 just
3369 1547 29 16 as
3765 1529 38 34 V

90 114 18 27 4

1447 114 81 27 THE
1550 113 156 28 LOYOLA
1728 113 180 33 MAROON,
1929 113 160 32 FRIDAY,
2112 113 121 28 APRIL
2253 114 45 32 27,
2321 115 73 26 1945

1682 937 124 56 Free
1833 937 152 56 Press

1738 1011 156 24 (Continued
1915 1010 67 23 from
2006 1012 66 25 Page
2093 1013 25 24 1)

2213 2480 252 56 Russians

2270 2552 157 26 (Continued
2449 2552 67 22 from
2539 2552 66 25 Page
2627 2552 25 25 1)

746 2732 58 64 A
835 2732 148 65 Shirt
1011 2734 118 63 that
1152 2735 170 78 Says:

674 2799 48 188 \
751 2867 105 93 BE
922 2867 494 96 CASUAL...

1003 3038 103 93 BE
1174 3038 283 95 COOL!

290 3366 36 85 I

380 3522 105 93 1^

331 3568 62 108 s

525 3863 39 11 ■:,—■■■

1005 3993 114 26 Above:

1025 4054 202 28 McGregor
1243 4055 280 25 mctropictone

1006 4120 77 31 Cool,
1115 4118 100 27 challis
1247 4125 90 25 rayon
1367 4121 79 29 sport
1477 4117 72 26 shirt

1005 4162 69 27 with
1093 4161 200 32 comfortable,,
1306 4161 174 26 convertible
1497 4161 39 25 col-

1005 4206 52 26 lar.
1094 4205 140 31 2-button,
1253 4203 56 33 flap
1329 4203 124 33 pockets.
1473 4203 75 31 Gray

1004 4248 57 26 and
1073 4250 59 24 tan.

1006 4304 77 28 Sizes
1099 4303 37 33 S.,
1153 4303 46 33 M.,
1216 4303 38 26 M.
1270 4302 31 27 L.
1318 4302 56 27 and
1391 4302 29 26 L.
1472 4303 77 30 2.95

1048 4417 79 22 Men's
1144 4416 163 27 Furnishings,
1325 4415 53 22 MB.
1397 4414 65 22 First
1480 4414 68 21 Floor

684 4754 164 25 GttEATEST
891 4752 108 25 STODE
1039 4751 117 24 SOUTH

1772 3799 81 28 ELM
1879 3797 230 28 PHARMACY

1755 3850 100 23 Gilbert
1871 3850 30 21 V.
1917 3849 118 26 DeGrny,
2051 3846 76 24 Ph.G.

1846 3901 109 20 WAlnut
1973 3899 63 22 7171

1839 3950 55 22 Elm
1909 3955 24 16 »t
1948 3948 98 25 Hillary

1783 4092 230 53 PERRY
2043 4092 59 49 &
2134 4088 333 51 BUCKLEY
2501 4087 114 50 CO.

1841 4165 187 43 Stationery
2044 4183 9 5 -
2070 4162 155 44 Printing
2241 4181 10 5 -
2267 4160 106 34 Office
2389 4161 175 31 Furniture

1925 4225 86 36 Quick
2026 4224 174 36 Dependable
2212 4224 102 26 Service
2327 4222 75 26 Since
2415 4223 65 26 1905

1765 4272 139 27 729-31-33
1921 4267 168 27 POYDRAS
2102 4266 48 26 ST.
2321 4264 148 34 RAymond
2484 4264 157 26 8761-62-63

1875 4412 46 22 Let
1939 4411 36 22 Us
1991 4410 112 22 Finance
2121 4408 44 22 the
2183 4407 127 23 Purchase
2328 4407 29 22 of
2375 4407 71 22 Your
2463 4406 81 22 Home

1856 4460 87 21 Invest
1958 4458 72 22 Your
2046 4457 109 27 Savings
2169 4456 50 23 and
2236 4456 69 22 Earn
2322 4462 14 16 a
2353 4454 71 23 Good
2441 4452 124 24 Dividend

1772 4578 180 46 Security
1973 4576 181 46 Building
2174 4574 77 38 and
2275 4574 102 37 Loan
2397 4573 250 37 Association

2062 4645 56 26 Old
2134 4644 118 27 Reliable

1964 4702 168 25 BARONNE,
2150 4706 93 18 corner
2260 4700 29 22 of
2308 4698 150 24 GRAVIER

1881 4766 100 27 George
2002 4765 102 23 Stahler

1938 4799 111 18 PrmUmt

2310 4761 95 27 Joseph
2422 4761 116 22 Miranne

2332 4795 134 19 ta.-Tnu.,
2487 4795 45 17 Mir

2837 3614 200 32 LEARN
3070 3612 75 32 TO

2938 3661 110 32 FLY

2853 3732 77 26 $B.OO
2952 3731 63 22 PER
3037 3730 94 22 HOUR

2945 3773 92 23 DUAL

2853 3824 76 24 $6.00
2952 3823 63 22 PER
3037 3822 94 22 HOUR

2951 3864 85 22 SOLO

2875 3937 33 31 L.
2926 3937 25 43 J.
2967 3934 142 33 Troxler

2876 3998 87 21 Phone
2977 3997 49 21 FR.
3041 3998 67 20 7207

3317 1787 25 17 V

3642 1869 47 100 1

3720 1971 20 32 \

3449 2691 37 28 IL
3507 2692 51 28 BR

3469 2737 49 28 AY
3541 2736 96 32 UNIi

3523 2780 113 33 IIMM.

3534 2829 103 28 WARI

3609 2982 70 102 \

3471 3094 127 54 DATE

3328 3180 141 54 WITH
3499 3178 188 56 MUSIC

3413 3400 151 35 Sponsored
3579 3399 33 35 by

3300 3508 162 34 JACKSON
3482 3506 171 25 BREWING
3672 3505 56 26 CO.

3307 3586 309 33 FRIDAYS—6:IS
3631 3585 86 31 P.M.

3300 3786 89 70 CBSI

3427 3891 61 29 870
3504 3897 44 21 on
3565 3896 83 34 your
3664 3885 69 32 dial

3489 3984 62 24 CBS
3565 3982 129 26 Network

2926 4167 262 74 SOULE
3227 4162 357 74 COLLEGE

2817 4282 23 23 A
2864 4279 156 29 distinctive,
3044 4276 181 34 outstanding,
3251 4273 163 37 progressive
3437 4273 117 25 business
3578 4272 116 34 training

2817 4315 91 25 school
2931 4314 44 25 for
2998 4313 80 26 MEN
3101 4312 52 25 and
3176 4310 145 26 WOMEN
3345 4308 29 26 of
3397 4307 65 35 high
3483 4307 99 31 school,
3605 4307 89 33 junior

2817 4350 101 33 college
2936 4348 51 26 and
3005 4347 142 33 university
3164 4345 89 35 grade.
3288 4342 158 28 Thousands
3462 4342 32 26 of
3511 4341 138 36 graduates
3666 4342 28 25 in

2817 4384 73 35 good
2910 4383 99 36 paying
3028 4382 137 34 positions.
3202 4380 80 25 YOU
3300 4388 47 17 can
3368 4378 105 26 become
3493 4385 51 17 one
3563 4377 31 25 of
3614 4376 80 26 them.

2817 4440 57 26 The
2893 4439 78 27 Soule
2990 4438 123 25 Personal
3131 4435 159 26 Instruction
3307 4433 110 27 method
3433 4433 31 26 of
3481 4433 122 34 teaching
3621 4432 21 26 is
3660 4440 34 18 an

2819 4474 198 28 INCENTIVE
3037 4472 51 26 TO
3110 4471 105 26 HARD
3235 4470 114 25 WORK
3371 4468 52 26 and
3445 4475 56 28 gets
3523 4466 171 28 SUPERIOR

2819 4509 157 26 RESULTS.

2820 4566 51 25 We
2888 4574 42 17 are
2946 4563 128 36 prepared
3092 4569 28 19 to
3136 4563 61 34 give
3213 4561 100 34 college
3331 4568 59 17 men
3408 4559 52 26 and
3477 4566 103 18 women
3595 4558 45 26 the
3656 4557 26 26 in-

2821 4600 98 26 tensive
2937 4599 115 33 training
3071 4604 132 27 necessary
3223 4602 28 19 to
3269 4604 59 27 pass
3347 4594 43 26 the
3566 4600 112 19 examina-

2923 4641 28 18 to
2965 4640 72 19 enter
3053 4642 34 16 an
3100 4631 147 36 up-to-date
3262 4631 116 25 business
3393 4629 89 26 office.

3060 4689 64 26 88th
3138 4687 212 27 SUCCESSFUL
3362 4686 96 25 YEAR

3181 4729 124 26 Students

2824 4776 65 25 1410
2906 4774 113 34 Jackson
3037 4774 109 24 Avenue
3355 4770 90 26 Phone
3462 4769 149 34 MAgnolia
3631 4770 63 23 1122
