3761 5378
225 229 376 100 Father
665 231 423 96 Tonnar
1156 226 579 100 concerned

221 385 254 67 over
541 354 788 98 mid-semester
1393 383 379 68 exams

350 500 31 33 By
401 500 86 27 GARY
507 500 120 26 ATKINS

251 549 53 24 The
325 549 70 24 Dean
417 549 29 24 of
467 549 39 23 the
528 549 101 30 College
651 549 28 23 of
700 550 57 21 Arts

217 588 48 23 and
285 588 113 23 Sciences
417 588 109 29 recently
544 588 52 23 said
616 588 52 23 that
689 588 30 22 he
738 588 19 22 is

492 634 59 16 over
570 627 41 23 the
629 627 83 29 giving
731 626 26 23 of

216 665 180 23 mid-semester
413 673 85 16 exams
517 665 32 30 by
566 672 69 17 some
655 665 90 23 instruc-

216 707 58 20 tors.

299 748 62 25 have
384 749 76 24 heard
483 749 66 23 from
572 749 110 23 students
704 748 53 23 that

216 787 125 24 mid-term
364 795 85 17 exams
472 795 40 17 are
536 788 72 29 being
631 787 71 30 given
726 787 31 28 by

215 833 70 17 some
307 827 138 29 professors
468 827 49 23 and
540 827 9 22 I
572 826 94 23 believe
689 825 68 23 there

215 864 89 24 should
323 865 30 24 be
370 873 70 17 some
457 865 164 24 clarification
640 865 29 23 of

215 903 41 24 the
284 904 59 23 Rev.
371 904 108 24 Bernard
507 905 30 22 A.
566 904 108 25 Tonnar,
701 903 55 26 S.J.,

215 942 52 23 said
283 943 23 22 in
321 950 30 16 an
367 943 132 23 interview.
618 941 138 30 professors

215 981 69 23 think
315 981 51 24 that
397 981 105 24 because
533 989 12 16 a
577 980 179 23 mid-semester

215 1020 75 29 grade
306 1020 19 23 is
343 1020 121 30 required,
481 1020 58 29 they
555 1026 41 16 are
613 1023 25 18 to
655 1019 54 29 give
725 1026 30 16 an

215 1065 79 16 exam.
308 1059 50 23 Not
372 1063 23 19 at

249 1103 96 31 Noting
369 1104 52 23 that
447 1104 41 23 the
514 1103 93 23 former
633 1102 122 29 president

214 1142 28 24 of
260 1142 41 25 the
319 1143 142 29 university,
480 1142 41 23 the
540 1141 65 29 Very
627 1141 57 23 Rev.
704 1142 35 23 An-

214 1181 66 24 drew
301 1182 29 23 C.
353 1181 86 26 Smith,
462 1179 127 25 abolished
612 1180 40 23 the
675 1181 80 29 policy

213 1220 28 23 of
269 1220 114 30 required
412 1220 179 22 mid-semester
618 1226 85 17 exams
732 1220 22 23 in

218 1259 71 25 1966,
317 1259 90 23 Father
432 1258 101 23 Tonnar
559 1258 51 23 said
637 1258 51 24 that
714 1258 40 24 the

213 1297 112 24 teachers
427 1297 123 29 supposed
573 1301 26 19 to
621 1297 29 25 be
673 1298 82 30 giving

213 1336 99 29 quizzes
332 1336 48 22 and
401 1342 87 23 papers
508 1339 26 20 to
552 1336 74 30 judge
646 1336 41 24 the
705 1340 38 21 stu-

213 1375 71 23 dents
300 1374 58 30 long
490 1375 41 23 the
547 1375 85 29 grades
650 1382 41 16 are
706 1376 48 23 due

214 1417 23 19 at
251 1413 40 23 the
304 1413 185 24 mid-semester.

351 1459 90 23 should
462 1463 42 19 not
526 1459 29 23 all
577 1459 28 23 of
625 1466 13 16 a
659 1459 95 23 sudden

213 1497 55 30 give
289 1505 29 15 an
457 1497 31 24 he
508 1497 60 26 said,
589 1497 25 24 in
636 1497 73 24 order
729 1501 26 20 to

213 1539 38 26 get
271 1543 14 16 a
412 1536 50 24 that
482 1537 18 22 is
519 1540 42 19 not
580 1536 75 29 really
675 1543 67 22 repre-

213 1575 119 24 sentative
367 1575 29 23 of
431 1575 40 23 the
507 1575 118 23 student's

213 1613 90 23 Father
322 1614 101 23 Tonnar
443 1614 74 23 noted
537 1614 51 23 that
608 1613 30 24 he
658 1614 96 23 intends

213 1655 26 21 to
402 1652 37 23 his
458 1652 93 29 faculty
569 1659 31 16 on
620 1652 46 24 this
686 1652 68 29 point

215 1690 22 23 in
251 1691 39 23 the
303 1698 59 16 near

365 1735 30 24 he
412 1736 60 26 said,
569 1736 54 23 idea
641 1735 28 24 of
685 1742 69 17 some

213 1774 94 29 Loyola
322 1774 141 29 University
475 1774 111 23 students
599 1774 83 29 taking
697 1774 57 23 four

212 1819 28 17 or
257 1813 50 23 five
324 1813 126 23 mid-term
465 1819 85 17 exams
566 1813 24 23 in
606 1819 49 17 one
670 1812 47 29 day
734 1813 19 23 is

213 1851 83 24 unfair
309 1851 39 23 for
358 1851 42 24 the

358 1903 43 16 are
416 1900 44 19 too
476 1902 74 23 many
567 1896 110 23 teachers
694 1896 45 29 hap-

212 1935 117 28 hazardly
348 1935 83 29 giving
450 1935 125 22 mid-term
721 1935 31 23 he

212 1974 60 26 said,
381 1974 68 22 there
471 1980 41 16 are
533 1973 77 23 either
632 1974 74 28 going
726 1978 26 18 to

803 500 29 22 be
852 505 65 17 none
936 501 24 20 at
980 498 30 23 all
1030 505 28 17 or
1078 500 70 23 we're
1168 501 74 29 going
1261 505 26 19 to
1306 507 24 17 re-

801 537 116 24 establish
946 537 40 23 the
1017 538 123 23 mid-term
1169 546 85 16 exams
1283 538 58 23 with

803 577 51 22 free
877 576 60 29 days
961 576 39 23 for
1024 577 39 23 the
1086 577 110 24 students
1220 583 25 18 to
1268 577 73 29 study

804 615 48 23 and

835 667 54 23 The
904 667 71 24 other
991 668 75 24 deans
1084 668 52 24 also
1153 669 52 23 said
1222 669 52 23 that
1291 672 38 20 stu-

802 713 69 22 dents
886 712 89 31 having
987 717 26 20 to
1025 714 56 23 take
1094 718 50 19 two
1155 721 29 16 or
1196 714 68 23 three
1279 713 46 24 mid-

802 762 61 19 term
882 765 83 16 exams
986 759 22 23 in
1028 767 49 16 one
1096 760 49 29 day
1163 767 50 16 was
1234 767 12 16 a
1268 759 59 30 prob-

802 803 56 24 lem.

953 851 89 23 should
1068 851 30 23 be
1123 858 14 16 a
1163 851 77 23 better
1264 849 65 30 stipu-

801 889 63 23 lated
881 890 71 23 stand
969 890 67 23 from
1053 890 42 22 the
1111 889 77 23 entire
1207 888 133 29 university

800 935 26 16 as
848 931 27 20 to
898 928 39 24 the
961 932 77 20 status
1062 928 28 23 of
1113 927 40 24 the

800 966 40 24 the
860 967 70 24 Dean
949 967 29 23 of
997 967 40 23 the
1056 966 102 30 College
1178 966 28 23 of
1226 966 114 23 Business

799 1006 214 25 Administration,
1035 1005 42 23 Dr.
1098 1004 32 24 G.
1152 1005 80 29 Ralph
1252 1004 87 26 Smith,

799 1045 59 23 said.
933 1045 19 23 is
970 1044 44 23 left
1034 1048 42 19 too
1096 1044 72 23 much
1188 1047 27 20 to
1232 1043 41 24 the
1292 1043 36 23 dis-

798 1084 93 23 cretion
914 1083 28 23 of
963 1082 40 24 the
1027 1082 133 23 individual

799 1123 43 23 Dr.
863 1122 78 24 Smith
962 1121 51 24 said
1034 1121 51 24 that
1106 1121 30 24 he
1157 1120 110 25 believed
1287 1119 52 24 that

798 1162 30 22 all
849 1161 28 23 of
897 1161 39 23 the
958 1161 42 22 BA
1022 1160 92 29 faculty
1135 1159 122 24 members
1278 1165 61 23 gave

800 1200 180 23 mid-semester
991 1206 90 16 exams.

927 1251 29 16 or
975 1244 68 23 three
1063 1244 125 23 mid-term
1208 1249 85 17 exams
1313 1241 26 24 in

798 1291 48 16 one
863 1284 48 28 day
929 1290 40 16 are
987 1290 13 16 a
1173 1282 40 24 the
1232 1281 107 23 director

798 1323 28 23 of
851 1322 41 23 the
919 1322 110 29 Evening
1055 1322 119 23 Division,
1203 1321 42 22 Dr.
1274 1320 49 28 Ray-

799 1361 76 23 mond
898 1361 23 22 P.
943 1361 81 26 Witte,
1046 1360 59 23 said.
1174 1358 70 25 don't
1265 1358 74 23 know

798 1400 55 23 how
875 1400 15 22 it
909 1400 74 22 could
1003 1399 29 23 be
1052 1398 127 24 corrected
1201 1396 81 24 unless
1301 1403 38 16 we

798 1443 64 19 went
878 1438 63 23 back
956 1442 26 19 to
998 1438 41 23 the
1055 1437 41 23 old
1235 1435 30 24 of
1279 1435 45 23 hav-

798 1478 41 28 ing
860 1477 68 23 three
949 1477 59 28 days
1030 1480 35 19 set
1088 1475 67 24 aside
1177 1475 40 23 for
1240 1473 85 24 mid-se-

799 1520 89 18 mester
915 1520 64 18 tests.
1096 1518 55 20 sent
1179 1521 13 16 a
1221 1511 118 24 directive

798 1554 94 23 around
914 1558 25 19 to
960 1554 41 23 the
1021 1553 111 24 teachers
1154 1560 14 16 a
1190 1552 47 23 few
1258 1549 81 24 weeks

798 1600 47 22 ago
859 1593 82 29 telling
954 1593 67 22 them
1036 1592 50 23 that
1101 1591 57 29 they
1172 1590 49 23 had
1234 1593 27 19 to
1275 1588 62 23 have

798 1632 96 29 enough
918 1631 162 23 information
1102 1634 27 19 to
1151 1629 54 29 give
1228 1636 13 15 a
1263 1626 75 31 grade

798 1675 24 18 to
837 1670 63 23 their
1067 1669 30 23 he
1113 1667 61 24 said.
1269 1665 69 23 don't

798 1709 71 22 know
892 1709 55 22 how
970 1714 74 21 many
1066 1714 61 21 gave
1151 1705 124 23 mid-term
1297 1709 28 17 ex-

1386 506 60 18 ams,
1465 499 43 22 but
1525 498 69 24 there
1611 505 64 17 were
1693 505 74 23 many
1785 506 68 17 more
1870 503 57 21 tests

1386 538 59 23 than
1461 537 70 23 usual
1549 537 140 29 duplicated
1707 537 23 23 in
1747 544 46 17 our
1809 538 77 24 office
1902 539 24 24 in

1387 577 41 23 the
1439 581 54 25 past

1420 628 109 23 Michael
1554 629 19 22 J.
1599 628 125 26 Carubba,
1748 629 63 23 dean
1834 629 29 23 of
1885 630 40 24 the

1385 668 90 22 School
1501 667 28 23 of
1553 667 90 25 Music,
1669 667 52 23 said
1745 668 53 23 that
1821 668 31 24 he
1875 675 50 17 was

1506 706 112 29 opposed
1639 710 26 19 to
1687 707 178 23 mid-semester
1886 714 27 17 ex-

1385 752 60 18 ams,
1463 745 42 22 but
1522 745 10 22 I
1549 745 62 22 have
1627 751 76 17 never
1720 745 131 24 interfered
1868 746 57 23 with

1384 784 42 23 the
1442 784 98 22 teacher
1557 784 24 22 in
1598 784 36 22 his
1897 785 29 23 of

1384 829 47 17 our
1607 822 31 24 he
1658 822 60 27 said,
1871 823 54 30 give

1385 861 126 23 mid-term
1534 867 93 20 exams,
1651 861 43 24 but
1718 869 65 17 none
1806 863 28 23 of
1856 862 69 24 them

1384 900 55 29 give
1453 900 47 28 just
1516 900 40 23 the
1572 906 47 17 one
1719 900 20 24 It
1754 901 19 23 is
1788 901 91 26 unfair,
1894 901 31 23 he

1384 938 59 26 said,
1462 938 40 23 for
1518 938 42 24 the
1576 939 99 23 student
1692 943 26 19 to
1734 939 30 25 be

1385 977 32 30 by
1427 977 48 29 just
1488 977 90 29 having
1589 985 48 16 one

1528 1037 42 17 are
1586 1037 33 16 no
1633 1037 100 17 courses
1749 1031 24 23 in
1789 1032 41 22 the
1846 1032 78 22 music

1511 1068 32 24 he
1560 1069 60 26 said,
1754 1070 41 23 the
1815 1070 63 23 basis
1897 1070 28 23 of

1383 1108 41 24 the
1441 1108 74 29 grade
1533 1108 18 23 is
1568 1108 153 24 determined
1738 1109 32 29 by
1787 1116 48 16 one
1851 1116 73 16 exam

1383 1147 71 29 given
1478 1150 49 20 two
1549 1147 80 23 weeks
1653 1147 84 24 before
1759 1148 43 23 the
1826 1148 85 23 mid-se-

1385 1189 89 19 mester
1486 1186 86 26 grades
1584 1192 40 17 are

2107 992 122 26 FATHER
2250 992 124 27 O'NEILL

2101 1029 35 22 To
2154 1027 99 30 publish
2273 1029 108 28 catalogs

212 2077 323 76 Religious
581 2077 141 60 film

210 2170 69 51 to
324 2159 80 62 be
450 2160 296 61 narrated

211 2240 83 76 by
338 2241 88 61 Fr.
470 2241 279 62 Schauer

244 2335 22 22 A
288 2334 147 29 theological
457 2334 53 22 film
532 2334 124 29 involving
676 2341 72 16 seven

211 2379 69 23 years
303 2373 150 23 continuous
475 2372 220 30 experimentation
719 2372 30 29 by

211 2411 40 24 the
277 2411 111 24 students
414 2411 29 23 of
468 2411 63 24 New
557 2411 101 23 Mexico
685 2411 64 24 State

213 2449 140 30 University
382 2449 118 27 (NMSU)
530 2449 46 24 will
606 2449 30 23 be
664 2450 85 22 shown

210 2489 121 28 Monday,
350 2488 90 24 March
462 2488 36 25 18,
518 2493 24 18 at
560 2488 59 23 7:30
638 2495 66 22 p.m.,
726 2489 22 22 in

212 2527 142 29 Marquette
366 2527 167 23 Auditorium.

244 2572 52 24 The
312 2572 53 23 film
381 2572 108 25 entitled,
587 2571 93 25 Winds,
695 2571 54 29 Thy

405 2611 20 23 is
441 2610 128 23 described
585 2610 31 29 by
632 2610 40 23 the
690 2610 58 22 Rev.

211 2649 69 24 Blase
300 2649 116 25 Schauer,
438 2649 68 25 0.P.,
528 2649 41 23 the
589 2648 114 30 chaplain
725 2652 24 20 at

211 2688 118 23 NMSU's
350 2688 121 23 Newman
493 2687 99 25 Center,
614 2695 25 15 as
660 2695 14 15 a
695 2693 41 23 pro-

210 2727 100 23 duction
333 2726 52 24 that
405 2726 20 23 is
498 2726 135 28 discovery,
655 2732 31 16 on
709 2725 40 23 the

211 2765 118 24 students'
355 2769 61 25 part,
443 2765 28 23 of
497 2764 56 23 how
578 2768 26 19 to
629 2763 120 24 celebrate

210 2804 40 23 the
271 2803 115 29 meaning
405 2803 28 23 of
453 2803 61 23 feast
534 2803 60 28 days
614 2802 48 23 and
683 2802 55 23 litur-

211 2842 62 30 gical

243 2887 53 24 The
327 2887 147 29 production
506 2886 83 29 begins
620 2885 57 23 with
708 2885 41 23 the

211 2926 72 23 harsh
295 2926 77 23 winds
384 2925 28 23 of
423 2925 62 23 New
498 2924 100 24 Mexico
610 2932 25 15 as
647 2924 41 23 the
699 2931 38 16 sea-

211 2972 43 16 son
269 2964 27 23 of
310 2965 61 22 Lent
387 2970 83 17 moves
483 2963 53 23 into
549 2963 41 23 the
605 2962 101 23 Paschal
721 2969 28 16 or

212 3003 85 23 Easter
321 3002 107 28 liturgies
453 3002 48 23 and
525 3001 85 29 finally
635 3001 51 23 into
709 3000 40 24 the

212 3958 86 22 drama
313 3957 29 23 of
356 3958 41 22 the
414 3958 129 22 Pentecost
558 3960 78 20 event.
653 3955 96 24 Several

213 3996 70 22 other
313 3995 164 23 celebrations
508 4002 41 17 are
580 3993 114 25 included
726 3996 26 21 to

212 4034 68 23 show
302 4034 57 23 how
381 4040 61 17 even
466 4035 39 22 the
529 4035 59 22 least
611 4033 139 29 significant

213 4072 121 29 liturgical
362 4076 84 20 events
473 4079 47 17 can
549 4073 30 23 be
606 4071 93 31 probed
727 4075 25 19 to

213 4111 54 23 find
280 4111 84 23 within
378 4111 67 23 them
460 4118 12 16 a
487 4111 93 29 vitality
594 4111 78 29 rarely
686 4117 52 23 pres-

213 4153 40 20 ent
268 4150 24 23 in
308 4150 41 23 the
364 4149 191 29 commonplace
571 4149 119 29 liturgical
707 4152 34 20 set-

212 4189 58 28 ting.

247 4233 53 23 The
332 4233 69 23 latest
434 4233 23 23 in
491 4232 165 24 multi-media
687 4232 54 24 tech-

213 4271 86 29 niques
312 4278 40 16 are
364 4271 132 29 employed
509 4271 23 23 in
544 4271 41 23 the
598 4271 61 23 film.
672 4270 79 24 Three

213 4316 97 17 screens
325 4316 42 17 are
382 4310 68 26 used;
466 4316 32 16 on
512 4309 43 24 the
569 4313 84 20 center
668 4316 85 17 screen

212 4348 41 24 the
270 4349 65 23 main
353 4349 94 23 actions
464 4348 56 24 take
537 4348 69 29 place
624 4348 71 24 while
711 4348 42 24 the

213 4387 94 23 actions
329 4394 32 15 on
383 4386 78 24 either
480 4387 53 23 side
554 4386 103 30 provide
676 4386 65 24 close-

214 4432 32 23 up
258 4426 73 22 views
343 4426 49 22 and
402 4425 72 23 other
486 4425 93 23 minute
592 4424 93 24 details.

246 4471 54 23 The
317 4470 105 29 pictures
440 4470 24 23 in
482 4470 41 23 the
539 4470 55 23 film
611 4470 63 23 have
692 4470 61 23 been

213 4510 134 23 acclaimed
366 4509 31 28 by
413 4508 81 24 critics
512 4513 26 19 to
556 4508 30 24 be
603 4515 92 22 among
712 4509 40 23 the

214 4548 52 24 best
290 4548 28 23 of
342 4547 42 23 the
411 4546 90 27 10,000
526 4547 51 23 that
602 4546 63 24 have
691 4546 61 24 been

213 4587 73 24 taken
306 4587 24 23 in
350 4587 43 22 the
411 4589 54 26 past
485 4585 50 24 five
556 4592 76 22 years.
654 4585 99 24 Twelve

213 4626 116 29 speakers
343 4625 35 23 fill
393 4624 40 24 the
447 4623 150 24 auditorium
610 4623 58 23 with
682 4626 70 23 texts,

213 4672 72 23 songs
318 4664 47 24 and
397 4662 161 30 background
590 4661 78 24 music
699 4661 53 24 that

213 4703 63 24 have
301 4703 61 24 been
388 4701 118 24 recorded
530 4700 25 24 in
580 4699 174 30 stereophonic

213 4742 87 23 sound.
329 4742 26 23 In
383 4741 117 25 addition,
528 4739 90 23 Father
643 4737 111 24 Schauer

213 4780 66 30 gives
306 4788 14 16 a
345 4780 47 24 live
417 4782 179 25 commentary,
623 4776 91 30 adding
740 4784 14 15 a

213 4819 74 24 touch
310 4819 29 23 of
359 4818 156 31 spontaneity
537 4821 25 20 to
584 4816 41 24 the
647 4815 91 30 produc-

213 4858 60 24 tion.

246 4896 90 24 Critics
364 4897 64 24 have
454 4896 79 23 called
560 4894 42 24 the
628 4893 124 24 two-hour

213 4935 167 30 presentation
399 4943 13 16 a
695 4932 45 29 hap-

344 4975 20 23 It
381 4974 131 30 prompted
530 4981 14 15 a
561 4972 92 29 Baptist
671 4970 69 24 minis-

213 5017 36 19 ter
267 5018 25 19 to
310 5013 106 27 remark,
654 5016 86 24 percep-

213 5051 48 25 tive
279 5052 49 24 and
346 5052 143 29 artistically
507 5051 107 26 incisive,
634 5050 16 23 it
671 5048 82 24 merits

214 5090 63 24 wide

247 5136 91 24 Father
360 5136 110 23 Schauer
494 5136 18 23 is
536 5134 124 30 currently
683 5140 32 17 on
740 5140 14 16 a

213 5174 160 24 nation-wide
393 5178 56 20 tour
467 5174 59 23 with
544 5174 43 24 the
605 5172 149 31 production

213 5213 49 23 and
284 5213 48 23 will
355 5220 92 23 appear
470 5213 40 23 for
533 5213 40 23 the
596 5212 111 29 showing
730 5214 24 20 at

213 5251 102 29 Loyola.

340 3845 121 25 FATHER
481 3842 146 28 SCHAUER

313 3880 188 28 Experimenter
521 3880 23 22 in
564 3879 87 27 liturgy

1384 1288 176 58 Loyola
1580 1288 185 47 debate
1787 1297 134 38 team

1383 1352 201 46 defeats
1614 1352 213 46 Yeshiva
1862 1353 56 45 U.

1417 1422 94 29 Loyola
1540 1422 114 24 defeated
1682 1423 109 23 Yeshiva
1819 1422 90 24 Univer-

1382 1462 46 28 sity
1444 1461 29 24 of
1489 1462 63 22 New
1570 1461 67 24 York
1655 1462 58 28 City
1730 1462 23 23 in
1773 1462 40 23 the
1831 1461 91 24 annual

1382 1500 89 23 debate
1509 1500 110 23 between
1658 1500 41 23 the
1737 1503 50 20 two
1825 1500 98 23 schools

1382 1539 115 28 Tuesday
1509 1539 23 23 in
1544 1539 41 23 the
1598 1539 89 23 Danna
1700 1539 98 23 Center.

1416 1584 53 23 The
1494 1584 88 23 debate
1608 1584 66 29 topic
1700 1591 49 16 was

1381 1623 62 23 That
1461 1623 40 23 the
1520 1623 100 23 Federal
1638 1623 172 23 Government
1828 1622 95 23 Should

1382 1662 143 23 Guarantee
1546 1669 13 16 a
1579 1661 135 23 Minimum
1734 1661 67 23 Cash
1822 1661 101 23 Income

1382 1705 26 17 to
1419 1701 40 21 All

1972 1100 178 62 Dean
2198 1100 301 64 Carubba

1967 1182 234 76 judges
2249 1182 255 64 festival

2002 1269 110 23 Michael
2135 1270 19 22 J.
2178 1270 124 26 Carubba,
2326 1270 70 23 Dean
2418 1270 28 23 of
2468 1270 40 24 the

1968 1308 90 22 School
2072 1308 28 22 of
2112 1308 82 23 Music
2206 1308 20 23 is
2239 1308 122 29 presently
2373 1313 122 25 represent-

1968 1347 40 29 ing
2028 1347 113 29 Loyola's
2162 1347 78 22 music
2261 1347 84 23 school
2366 1352 23 19 at
2409 1347 41 24 the
2470 1348 26 22 In-

1967 1386 146 23 strumental
2133 1386 59 22 Solo
2212 1386 49 22 and
2281 1386 75 23 Small
2378 1386 130 24 Ensemble

1968 1424 104 24 Festival
2090 1424 28 23 of
2135 1424 40 24 the
2193 1424 131 23 Louisiana
2343 1425 82 23 Music
2444 1425 48 23 Edu-

1968 1463 83 23 cation
2064 1463 157 23 Association
2234 1463 89 23 March
2339 1463 80 23 14-15.

2002 1505 39 23 He
2055 1505 70 23 acted
2139 1512 25 16 as
2178 1504 40 24 the
2230 1504 75 29 judge
2317 1504 40 23 for
2369 1504 42 23 the
2423 1504 68 23 wood-

1967 1544 65 23 wind
2063 1543 170 24 instrumental
2264 1542 64 24 solos
2359 1543 48 23 and
2438 1543 69 23 small

1967 1582 145 24 ensembles.

2001 1621 53 23 The
2070 1621 103 25 festival,
2190 1620 135 30 sponsored
2341 1620 31 29 by
2387 1620 40 23 the
2443 1619 64 24 third

1967 1660 102 23 District
2095 1660 139 24 L.M.E.A.,
2261 1666 48 16 was
2335 1658 55 24 held
2417 1662 23 20 at
2466 1658 42 24 the

1968 1698 141 28 University
2124 1699 28 23 of
2168 1698 182 24 Southwestern
2367 1697 140 23 Louisiana.

800 1916 100 96 LU
939 1912 277 115 faculty
1254 1911 367 96 discusses
1658 1905 363 99 academic
2058 1911 436 108 community

876 2060 31 31 By
927 2058 88 27 JOHN
1037 2057 218 27 McCOLLISTER

799 1811 254 47 Relations
1098 1806 160 48 Board

828 2116 52 23 The
914 2115 114 28 meaning
1061 2114 27 22 of
1120 2113 41 23 the

984 2160 49 16 was
1052 2152 41 24 the
1111 2151 66 30 topic
1196 2150 29 24 of
1244 2150 78 23 discus-

794 2194 52 22 sion
865 2197 23 19 at
906 2200 13 16 a
937 2192 107 29 meeting
1061 2191 28 23 of
1105 2190 40 24 the
1164 2189 93 29 faculty
1276 2188 48 24 rela-

793 2232 64 23 tions
876 2232 77 22 board
973 2231 55 23 held
1049 2230 44 23 last
1113 2229 67 23 week
1200 2229 24 23 in
1244 2228 91 23 Danna

794 2271 97 22 Center.

828 2315 44 23 Dr.
893 2314 110 23 Thomas
1026 2313 109 25 Preston,
1157 2311 129 24 chairman
1307 2309 28 24 of

794 2354 39 23 the
851 2353 100 29 English
967 2353 155 28 department
1140 2351 48 23 and
1205 2349 77 23 board
1299 2349 24 23 di-

794 2397 86 20 rector,
907 2391 86 23 served
1019 2397 26 17 as
1072 2390 143 23 moderator
1240 2388 28 23 of
1293 2388 41 23 the

795 2430 123 23 two-hour
929 2429 143 23 discussion.

827 2475 79 23 Other
928 2474 122 23 members
1071 2473 28 23 of
1120 2473 41 23 the
1183 2472 77 23 board
1282 2471 51 23 that

793 2513 161 30 participated
980 2513 24 22 in
1030 2512 42 23 the
1097 2511 135 23 discussion
1260 2516 72 17 were:

792 2552 102 24 Charles
914 2551 122 25 Braswell,
1056 2550 125 29 professor
1199 2549 28 23 of
1246 2548 86 25 music;

793 2591 40 23 the
855 2591 57 22 Rev.
934 2591 82 22 James
1035 2589 29 23 C.
1085 2589 95 24 Carter,
1202 2587 53 26 S.J.,
1277 2593 42 23 pro-

794 2629 78 23 fessor
892 2629 28 22 of
940 2628 108 29 physics;
1070 2627 107 29 Ignatius
1200 2625 132 29 D'Aquila,

793 2668 125 29 professor
934 2667 28 23 of
978 2666 77 23 visual
1072 2669 58 22 arts;
1148 2665 48 23 and
1214 2664 118 28 Anthony

793 2706 132 29 Gagliano,
938 2705 125 29 professor
1075 2703 28 24 of
1115 2703 100 29 history.

828 2751 123 28 D'Aquila
975 2750 77 28 began
1077 2749 40 23 the
1141 2747 136 24 discussion
1301 2746 32 30 by

793 2790 81 29 giving
895 2789 36 22 his
952 2788 131 23 definition
1105 2787 28 23 of
1154 2794 29 15 an
1206 2784 126 25 academic

792 2828 155 28 community
961 2834 25 16 as
1042 2832 79 23 group
1134 2825 27 23 of
1174 2824 89 30 people
1277 2823 56 23 who

792 2867 70 22 share
877 2866 41 23 the
933 2865 74 24 belief
1022 2865 50 23 that
1089 2864 66 23 ideas
1170 2863 62 23 have
1247 2868 72 16 conse-

925 2905 48 22 and
1127 2902 50 23 that
1200 2900 132 24 education

793 2944 19 22 is
832 2944 40 22 the
894 2947 62 19 most
978 2941 116 25 effective
1116 2947 84 16 means
1221 2938 28 24 of
1271 2945 47 16 mar-

792 2983 104 27 shalling
918 2982 65 23 ideas
1003 2980 50 23 that
1074 2979 63 23 have
1158 2986 13 15 a
1192 2977 140 30 significant

792 3021 76 23 effect
889 3027 66 22 upon
974 3019 41 23 the
1156 3017 27 22 In
1204 3024 12 15 a
1237 3016 83 22 univer-

792 3060 45 27 sity
862 3058 136 29 professors
1022 3057 71 22 share
1117 3054 164 31 professional
1305 3060 28 16 or

1381 2054 138 23 vocational
1539 2053 89 23 outlets
1646 2052 44 23 but
1709 2051 47 24 this
1776 2051 19 23 is
1813 2050 31 24 all
1864 2050 57 29 they

1381 2093 75 28 really
1467 2099 46 16 can
1525 2092 79 24 share,
1617 2090 31 24 he
1659 2090 61 24 said.

1413 2131 88 23 Calvin
1525 2130 101 26 Harlan,
1651 2128 76 24 visual
1751 2132 50 19 arts
1823 2127 84 30 depart-

1380 2174 65 19 ment
1461 2169 136 25 chairman,
1613 2167 130 31 suggested
1759 2166 117 24 devotion
1894 2173 25 16 as

1379 2209 39 23 the
1447 2215 117 17 common
1593 2207 106 23 element
1728 2205 88 24 shared
1845 2204 31 30 by
1905 2212 13 15 a

1378 2247 154 29 community
1548 2246 28 23 of
1591 2245 117 24 scholars.
1725 2244 60 23 This
1801 2243 116 24 devotion

1379 2287 42 22 lies
1442 2286 23 23 in
1486 2286 41 23 the
1549 2284 145 30 professor's
1715 2283 79 23 desire
1814 2287 26 19 to
1862 2281 56 30 help

1378 2325 37 23 his
1433 2325 110 23 students
1564 2322 151 24 understand
1735 2321 42 24 the
1796 2320 77 24 world
1894 2321 23 22 in

1379 2364 101 22 relation
1502 2366 26 20 to
1549 2362 40 24 the
1611 2361 144 29 knowledge
1778 2360 56 29 they
1856 2359 61 23 have

1379 2402 118 25 received,
1510 2401 31 23 he
1553 2400 59 24 said.

1411 2445 163 29 Community
1587 2443 147 30 necessarily
1746 2442 96 30 implies
1855 2441 47 24 fam-

1377 2485 39 28 ily,
1442 2485 51 23 said
1519 2484 44 23 Dr.
1590 2483 100 23 Donald
1717 2481 88 30 Brady,
1830 2481 87 23 drama

1376 2524 156 28 department
1556 2522 135 23 chairman.
1718 2521 69 23 Then
1813 2520 55 28 why
1894 2519 23 23 in

1376 2562 47 23 this
1444 2561 87 29 family
1553 2560 79 23 which
1655 2560 18 23 is
1694 2559 102 29 striving
1817 2559 39 22 for
1878 2565 27 15 ex-

1376 2601 108 23 cellence
1504 2607 41 16 are
1566 2599 75 23 funds
1661 2597 110 24 diverted
1792 2597 66 23 from
1879 2603 27 16 ac-

1376 2639 96 23 ademic
1505 2642 26 20 to
1563 2637 144 29 secondary,
1741 2635 175 24 non-essential

1376 2684 55 17 uses
1448 2677 60 23 such
1525 2684 27 16 as
1751 2674 31 24 he
1800 2673 82 24 asked.

1410 2716 103 23 Charles
1535 2714 114 24 Braswell
1670 2713 28 24 of
1718 2713 39 24 the
1779 2712 77 23 music
1878 2712 27 24 de-

1920 2048 2 32 i
1964 2054 123 26 partment
2102 2049 105 23 stressed
2222 2049 41 23 the
2279 2048 62 23 need
2358 2048 40 23 for
2413 2048 93 29 Loyola

1963 2092 26 20 to
2006 2088 61 24 exist
2084 2088 40 23 for
2143 2095 69 16 more
2229 2087 59 23 than
2306 2087 49 29 just
2372 2086 48 23 this
2438 2093 51 16 com-

1920 2125 1 31 -
1963 2127 104 29 munity.
2182 2130 93 20 cannot
2301 2125 63 24 exist
2391 2125 40 23 for
2459 2125 47 24 this

1920 2164 1 31 i
1962 2165 155 30 community
2247 2165 30 24 he
2293 2164 61 26 said,
2371 2164 49 23 and
2436 2170 69 17 some

1920 2203 1 30 i
1962 2205 120 23 attention
2104 2208 63 19 must
2188 2204 29 23 be
2238 2203 71 30 given
2330 2208 26 18 to
2376 2203 70 23 those
2466 2209 26 17 ac-

1920 2241 1 31 i
1962 2243 88 24 tivities
2070 2243 49 24 and
2139 2244 169 28 departments
2329 2242 52 23 that
2402 2241 54 30 give
2477 2248 27 16 us

1920 2280 1 31 i
1962 2289 64 19 area,
2044 2281 109 24 national
2170 2288 29 17 or
2215 2281 109 30 regional
2342 2280 160 30 recognition.

1920 2318 1 30 i
1996 2321 62 22 First
2091 2328 44 18 we,
2168 2320 42 24 the
2241 2319 135 29 university
2408 2318 95 29 family,

1920 2358 1 25 :
1962 2359 62 24 have
2041 2363 26 20 to
2083 2359 86 23 decide
2187 2358 63 24 what
2270 2358 16 23 it
2304 2358 19 23 is
2341 2365 36 16 we
2394 2362 65 18 want
2478 2362 25 18 to

1962 2399 33 22 do
2018 2398 48 23 and
2091 2397 64 24 what
2180 2404 36 16 we
2240 2404 47 16 can
2311 2397 42 25 do,
2376 2396 126 29 Gagliano

1920 2435 1 25 .
1961 2436 60 24 said.
2142 2443 37 17 we
2195 2443 47 16 can
2260 2435 68 24 build
2347 2435 40 23 the
2406 2435 84 22 univer-

1962 2475 46 29 sity
2020 2475 96 23 around
2128 2475 53 23 that

1920 2517 1 30 i
1997 2519 89 24 Before
2105 2527 44 18 we,
2168 2519 41 24 the
2228 2519 102 28 faculty,
2349 2525 46 16 can
2414 2517 89 24 decide

1962 2558 63 23 what
2041 2566 37 15 we
2093 2562 64 19 want
2172 2561 25 20 to
2212 2557 41 26 do,
2270 2557 51 23 said
2337 2556 90 24 Father
2442 2556 46 23 Car-

1963 2600 42 21 ter,
2022 2604 36 16 we
2075 2596 62 24 have
2154 2600 40 26 got
2211 2600 26 19 to
2254 2602 39 17 see
2309 2595 96 29 exactly
2422 2595 81 23 where

1962 2642 35 17 we
2017 2642 48 16 are.
2084 2634 71 23 Since
2176 2634 93 29 Loyola
2288 2634 20 23 is
2326 2633 126 30 primarily
2471 2640 31 16 an

1963 2673 197 29 undergraduate
2177 2672 102 30 college,
2297 2672 30 23 he
2344 2672 61 26 said,
2424 2672 29 22 its
2470 2676 23 18 at-

1963 2711 92 23 tention
2071 2711 88 23 should
2174 2711 30 23 be
2218 2711 103 23 focused
2336 2718 33 15 on
2384 2710 106 29 strength-

1962 2750 72 29 ening
2052 2749 68 24 these
2135 2756 136 23 programs.

1996 2794 43 23 Dr.
2067 2795 27 22 R.
2121 2794 26 23 T.
2175 2795 121 26 McLean,
2321 2794 129 23 chairman
2476 2794 28 23 of

1920 2833 1 30 !
1962 2833 115 30 Loyola's
2104 2834 165 29 Department
2295 2833 29 23 of
2350 2833 154 26 Mathemits,

1962 2872 104 23 stressed
2082 2872 40 23 the
2138 2872 109 29 primary
2264 2879 106 22 purpose
2387 2871 27 24 of
2430 2879 13 16 a
2460 2878 30 17 un-

1963 2911 98 29 iversity
2078 2919 25 15 as
2120 2911 40 23 the
2178 2911 148 29 production
2344 2910 28 23 of
2389 2910 40 24 the
2446 2911 45 22 edu-

1962 2950 71 22 cated
2046 2956 65 16 man.

1920 2988 1 29 I
1996 2988 69 24 Then
2083 2988 56 23 how
2155 2995 46 16 can
2219 2995 37 16 we
2273 2995 25 16 as
2315 2988 94 29 faculty
2427 2995 58 16 mem-

1920 3026 1 30 l
1962 3027 61 25 hers,
2041 3027 75 23 asked
2133 3027 66 23 Jules
2216 3026 27 24 F.
2261 3027 130 29 Savugeot,
2409 3026 82 30 profes-

1961 3072 41 16 sor
2017 3065 28 23 of
2059 3065 153 29 journalism,
2229 3065 141 23 contribute
2384 3065 20 23 if
2420 3072 70 16 neces-

1961 3104 73 29 sarily
2053 3112 25 15 as
2097 3111 14 16 a
2128 3103 115 24 Catholic
2263 3104 136 23 institution
2418 3108 26 19 to
2463 3103 40 24 the

1961 3143 173 29 development
2165 3142 28 24 of
2222 3142 41 24 the
2293 3142 121 24 educated
2445 3149 57 16 man

1920 3180 1 28 I
1962 3181 55 23 who
2037 3181 47 23 will
2105 3181 113 23 function
2239 3181 25 23 in
2283 3181 43 24 the
2345 3180 78 24 world
2442 3188 26 16 as
2489 3188 14 16 a

1962 3219 93 24 human
2067 3219 73 30 being
2152 3220 48 23 and
2213 3224 42 18 not
2268 3227 13 16 a
2294 3224 115 18 monster.

1995 3264 53 24 The
2065 3265 59 22 Rev.
2143 3264 95 24 Harold
2254 3263 97 27 Cohen,
2369 3264 133 29 university

1961 3302 122 30 chaplain,
2111 3303 128 29 suggested
2265 3302 41 24 the
2332 3302 51 24 role
2409 3302 28 23 of
2462 3302 41 23 the

1960 3340 115 24 Catholic
2100 3341 142 29 University
2266 3341 18 23 is
2309 3345 25 18 to
2358 3340 72 24 allow
2454 3341 49 23 and

1920 3379 1 30 i
1961 3386 61 16 even
2036 3386 60 23 urge
2110 3379 28 23 its
2153 3379 94 30 faculty
2261 3384 26 18 to
2301 3379 29 23 be
2345 3379 157 30 imaginative

1961 3419 49 22 and
2039 3418 106 23 creative
2175 3418 24 23 in
2229 3418 63 23 their
2321 3418 127 29 approach
2477 3423 26 19 to

1962 3456 121 30 teaching.

1995 3495 52 23 The
2064 3495 58 30 only
2138 3495 67 30 topic
2221 3495 41 24 the
2279 3495 123 23 members
2417 3495 86 29 totally

1960 3534 89 28 agreed
2064 3541 32 16 on
2113 3541 49 16 was
2178 3534 40 23 the
2234 3534 62 23 need
2312 3533 40 24 for
2366 3534 136 23 additional

1962 3572 118 30 meetings
2102 3577 26 19 to
2149 3573 119 23 continue
2289 3573 42 23 the
2353 3572 77 30 probe
2452 3573 51 23 into

1960 3610 40 23 the
2020 3617 107 22 purpose
2146 3611 28 23 of
2192 3611 115 24 Catholic
2327 3611 140 24 education.

795 3160 201 62 Frank
1024 3157 308 63 Hercules

792 3243 171 62 talks
996 3263 83 39 on
1118 3239 214 77 Negro

797 3325 254 73 literary
1097 3324 214 73 image

828 3417 136 24 Literature
984 3416 42 23 has
1046 3423 14 16 a
1078 3414 176 25 deterministic
1273 3414 49 23 rela-

792 3463 108 29 tionship
930 3466 27 19 to
979 3461 29 23 its
1038 3461 180 23 environment,
1252 3459 80 23 Frank

794 3508 126 24 Hercules,
961 3506 74 24 noted
1075 3505 134 23 American
1250 3505 84 28 Negro

793 3554 95 25 author,
906 3553 52 23 said
975 3552 88 29 during
1080 3559 13 16 a
1110 3551 92 23 lecture
1220 3549 113 29 Monday

795 3598 66 29 night
875 3598 22 23 in
912 3598 90 22 Danna
1012 3597 99 23 Center.

939 3649 96 23 Paton's
1060 3648 119 29 Pilgrim's

795 3703 48 15 was
856 3695 40 23 the
908 3694 65 29 topic
986 3693 27 23 of
1024 3693 41 23 the
1077 3693 58 23 talk.

827 3747 120 23 Hercules
964 3746 77 29 spoke
1057 3746 28 22 of
1101 3745 40 23 the
1158 3744 98 24 devices
1273 3744 61 23 used

794 3792 31 29 by
843 3792 77 23 Paton
939 3792 24 22 in
980 3791 37 23 his
1034 3790 98 29 dealing
1149 3790 58 23 with
1225 3790 41 23 the
1284 3789 34 24 Ne-

792 3845 52 22 gro,
861 3838 24 22 in
903 3836 132 31 particular
1052 3836 40 22 the
1109 3836 86 28 Negro
1211 3835 28 23 of
1255 3835 78 23 South

794 3882 94 26 Africa,
914 3882 36 23 his
975 3881 83 30 plight,
1085 3880 48 23 and
1157 3880 41 23 the
1222 3880 100 29 parallel-

794 3928 45 23 ism
857 3932 25 19 to
900 3928 40 23 the
958 3926 134 24 American
1111 3925 92 30 Negro.
1223 3924 39 24 He
1281 3925 53 23 also

793 3973 135 29 compared
947 3973 41 23 the
1007 3971 100 24 method
1127 3971 78 22 Paton
1223 3970 96 29 employ-

793 4012 30 23 ed
837 4016 27 18 to
876 4011 51 23 that
942 4010 28 23 of
983 4010 92 23 several
1090 4009 71 23 other
1174 4008 159 24 well-known

795 4050 108 24 authors.

827 4095 53 23 The
898 4098 65 19 most
981 4093 99 24 notable
1099 4092 127 29 similarity
1246 4092 24 23 in
1289 4092 30 23 Pa-

794 4133 62 24 ton's
877 4132 89 25 works,
988 4131 119 23 Hercules
1129 4130 83 26 noted,
1234 4130 20 23 is
1275 4130 59 23 with

794 4173 40 22 the
854 4171 80 23 works
954 4170 28 24 of
1002 4170 99 29 George
1123 4168 108 24 Bernard
1252 4168 80 23 Shaw.

796 4211 61 23 Both
876 4210 101 23 authors
996 4208 100 29 employ
1114 4208 42 23 the
1175 4214 43 16 use
1236 4206 30 24 of
1284 4206 34 24 Ne-

794 4256 70 23 groes
883 4256 26 15 as
929 4247 91 23 central
1041 4247 139 23 characters
1201 4245 23 23 in
1246 4245 87 23 search

796 4288 26 23 of
833 4288 62 23 love.

828 4331 126 30 Although
979 4330 40 24 the
1043 4330 54 23 love
1122 4329 18 23 is
1163 4329 29 23 of
1214 4328 119 24 different

796 4377 75 25 types,
896 4369 119 25 Hercules
1038 4368 60 26 said,
1123 4368 41 23 the
1186 4367 148 23 similarities

796 4418 41 17 are
850 4409 125 29 strikingly
991 4413 140 17 numerous.
1149 4405 47 23 For
1211 4406 121 29 example,

797 4449 57 24 both
882 4447 97 24 Paton's
1284 4443 50 24 and

795 4488 91 24 Shaw's
1104 4489 72 23 carry
1195 4489 15 16 a

797 4526 105 29 walking
917 4525 68 23 stick.
1001 4523 53 24 The
1068 4521 75 24 sticks
1158 4521 61 23 each
1235 4526 69 17 serve
1320 4527 14 16 a

795 4565 116 24 different
937 4569 113 24 purpose,
1074 4561 44 23 but
1141 4560 42 23 the
1207 4559 60 24 ends
1291 4565 42 17 axe

797 4604 40 23 the
849 4609 75 17 same.

916 4648 27 22 of
960 4646 97 24 Paton's
1074 4645 93 29 biggest

797 4687 119 23 Hercules
941 4686 61 25 said,
1086 4683 53 24 that
1163 4682 32 23 he
1218 4681 21 23 is
1264 4687 56 17 over-

795 4725 113 30 wrought
934 4725 57 22 with
1019 4724 65 24 time,
1112 4720 79 24 which
1219 4720 19 23 is
1266 4719 67 30 quite

797 4770 118 16 common
927 4763 57 23 with
997 4761 73 25 social
1084 4759 139 25 reformers.

950 4808 83 23 unlike
1052 4813 73 22 many
1144 4804 69 24 other
1232 4803 100 25 writers,

797 4854 53 16 uses
870 4847 66 29 good
955 4847 48 23 and
1024 4846 45 23 evil
1091 4852 24 16 as
1303 4841 31 23 he

795 4885 141 23 continued.

831 4930 27 23 In
874 4929 156 29 concluding,
1047 4929 32 22 he
1093 4927 60 24 said,
1223 4925 49 24 Mr.
1290 4925 30 23 Pa-

795 4969 63 24 ton's
881 4968 79 23 works
982 4967 55 23 lack
1059 4967 25 23 in
1107 4964 146 31 originality,
1277 4964 57 29 they

795 5007 119 29 certainly
931 5007 33 22 do
982 5005 100 24 abound
1102 5004 22 24 in
1143 5003 124 25 Christian
1287 5002 36 24 fer-

831 5091 127 26 Hercules,
975 5098 13 16 a
1004 5090 98 28 visiting
1117 5089 97 23 scholar
1230 5091 24 20 at
1270 5088 49 23 Xav-

797 5132 33 23 ier
853 5130 149 29 University,
1025 5128 48 23 will
1097 5132 97 25 present
1218 5127 36 23 his
1278 5129 57 20 next

798 5171 90 23 lecture
903 5168 88 25 March
1005 5167 41 27 25,
1058 5167 26 24 in
1098 5167 91 23 Danna
1201 5166 98 23 Center.
1315 5164 20 25 It

795 5210 19 23 is
837 5208 101 25 entitled
1108 5205 126 25 Criticism
1256 5205 25 23 in
1305 5211 30 17 an

799 5248 120 28 Evolving

1377 2817 175 46 Father
1573 2816 188 57 Clancy
1782 2823 53 38 to
1857 2814 60 47 be

1376 2882 47 44 in
1453 2880 186 57 history
1669 2880 215 45 seminar

1410 2956 53 23 The
1483 2956 59 22 Rev.
1560 2955 110 23 Thomas
1690 2954 31 23 H.
1741 2954 102 29 Clancy,
1863 2954 55 26 S.J.,

1376 2995 127 23 chairman
1523 2994 28 23 of
1569 2994 41 23 the
1629 2993 93 29 history
1741 2993 49 23 and
1808 2992 109 30 political

1377 3033 96 24 science
1498 3033 175 28 departments,
1699 3031 48 23 will
1774 3031 144 29 participate

1376 3071 23 24 in
1419 3079 14 16 a
1452 3071 107 24 seminar
1577 3070 102 24 entitled
1788 3070 114 23 Reforma-

1377 3110 50 23 tion
1444 3110 23 23 in
1486 3109 132 24 Historical
1791 3108 112 23 Conduct-

1376 3149 40 28 ing
1432 3148 40 23 the
1488 3148 109 23 seminar
1612 3147 46 23 will
1676 3147 30 23 be
1723 3147 43 23 Dr.
1785 3147 78 23 Lewis
1879 3147 37 22 W.

1376 3186 73 30 Spitz,
1467 3186 125 30 professor
1609 3186 27 23 of
1651 3186 93 29 history
1760 3189 24 19 at
1800 3185 118 23 Stanford

1377 3224 149 30 University.

1411 3263 91 23 Father
1515 3263 96 29 Clancy
1624 3263 44 23 has
1681 3263 54 23 also
1748 3263 62 22 been
1824 3263 79 22 award-

1376 3302 29 23 ed
1428 3309 14 16 a
1464 3302 139 29 fellowship
1624 3307 27 17 to
1671 3302 73 28 study
1767 3305 24 19 at
1813 3301 41 23 the
1875 3307 29 17 an-

1377 3340 56 23 nual
1453 3340 174 23 Southeastern
1647 3340 112 23 Institute
1777 3340 29 22 of
1824 3340 80 22 Medie-

1376 3379 37 23 val
1432 3379 49 22 and
1501 3379 165 22 Renaissance
1686 3379 95 23 Studies
1801 3383 23 18 at
1844 3378 74 23 Duke

1378 3418 148 27 University.

1410 3456 52 22 The
1479 3456 117 25 institute,
1614 3456 72 29 being
1703 3456 99 22 offered
1819 3456 39 22 for
1876 3455 28 23 ad-

1377 3498 146 19 vancement
1554 3494 28 23 of
1611 3494 154 29 scholarship
1796 3494 48 23 and
1874 3494 30 23 im-

1376 3537 145 25 provement
1542 3533 28 23 of
1589 3533 115 29 teaching
1723 3534 24 22 in
1768 3533 40 23 the
1830 3533 74 23 South-

1377 3575 58 22 east,
1460 3571 46 23 will
1532 3571 30 23 be
1586 3571 56 23 held
1667 3571 66 23 from
1757 3571 56 29 July
1836 3571 33 23 20
1893 3575 26 19 to

1378 3611 94 28 August
1486 3610 39 23 25.

2561 226 129 96 Fr.
2759 226 102 98 C.
2929 226 396 96 O'Neill
3394 226 236 98 aids

2558 349 289 100 work
2913 383 139 61 on
3125 351 489 117 catalogs

2648 498 31 32 By
2700 497 118 25 RAFAEL
2840 496 170 27 BERMUDEZ

2555 656 47 16 ana
2623 648 149 23 documents
2791 648 132 23 contained
2946 648 23 23 in
2990 648 41 24 the
3051 648 37 23 his-

2554 694 86 23 torical
2669 693 112 24 archives
2809 694 29 23 of
2864 693 83 30 Spain,
2976 694 52 23 said
3057 693 40 24 the

2556 739 130 23 Reverend
2701 739 104 24 Charles
2823 739 25 24 E.
2866 739 106 24 O'Neill,
2990 738 54 25 S.J.,
3062 746 25 16 as-

2554 785 93 22 sociate
2659 784 126 29 professor
2797 785 28 22 of
2837 785 99 28 history.

2587 836 126 30 Speaking
2730 836 85 24 before
2833 837 41 23 the
2890 836 133 24 Louisiana
3042 836 42 24 His-

2553 875 86 24 torical
2668 876 165 25 Association,
2863 876 37 23 Fr.
2929 876 97 23 O'Neill
3056 883 27 15 ex-

2553 914 100 30 plained
2669 914 50 23 that
2735 914 39 23 the
2789 914 140 30 cataloging
2944 915 47 23 and
3008 914 74 23 micro-

2553 953 98 29 filming
2675 952 28 24 of
2727 953 41 23 the
2791 953 147 23 documents
2964 954 43 22 has
3033 953 61 23 been

2553 992 76 29 going
2642 998 33 16 on
2690 991 67 24 since
2774 992 62 23 1962
2853 992 48 23 and
2917 992 50 24 that
2984 992 40 24 the
3040 999 42 22 pro-

2551 1030 48 30 ject
2625 1030 46 23 will
2697 1030 121 30 probably
2843 1031 29 23 be
2896 1032 141 29 completed
3063 1032 31 29 by

2552 1069 146 30 September
2721 1069 28 24 of
2771 1069 47 24 this
2843 1077 64 22 year.
2934 1070 37 23 F.
2996 1071 98 23 O'Neill

2552 1108 52 23 said
2617 1107 52 24 that
2680 1108 118 29 although
2812 1109 40 22 the
2865 1109 176 29 microfilming
3054 1110 39 22 for

2553 1147 41 23 the
2609 1147 93 29 project
2718 1147 18 23 is
2750 1147 148 29 completed,
2915 1148 15 23 it
2945 1155 46 16 can
3006 1152 43 19 not
3064 1148 30 23 be

2552 1185 59 24 used
2636 1185 143 30 effectively
2803 1186 60 23 until
2889 1186 41 24 the
2953 1187 97 29 catalog
3074 1188 19 22 is

2587 1276 38 22 Fr.
2649 1276 97 23 O'Neill
2772 1276 93 22 further
2889 1276 128 29 explained
3042 1276 50 24 that

2551 1321 41 24 the
2625 1320 134 24 microfilm
2791 1321 104 23 consists
2926 1322 28 22 of
2989 1321 105 25 140.000

2551 1373 74 23 pages
2644 1366 29 23 of
2691 1367 147 23 documents
2858 1367 48 23 and
2926 1367 81 23 letters
3028 1367 64 22 hand

2552 1412 95 23 written
2664 1412 23 23 in
2705 1411 140 30 eighteenth
2862 1416 102 25 century
2982 1412 111 29 Spanish.

2690 1457 41 23 the
2741 1457 105 29 catalog,
2923 1457 98 23 O'Neill
3034 1458 58 23 said,

2604 1503 18 22 is
2644 1502 142 29 impossible
2807 1506 26 19 to
2852 1502 80 23 locate

2586 1554 113 30 Relating
2727 1561 69 16 some
2824 1553 29 24 of
2879 1553 41 24 the
2949 1554 145 23 difficulties

2551 1593 52 23 that
2625 1593 30 23 he
2676 1593 43 23 has
2741 1593 166 23 encountered
2931 1593 23 23 in
2977 1593 40 23 the
3039 1600 42 22 pro-

2548 1631 56 29 ject,
2625 1631 39 24 Fr.
2683 1632 98 23 O'Neill
2802 1631 60 26 said,
2957 1632 98 29 catalog
3074 1632 19 23 is

2552 1670 73 30 being
2640 1670 96 30 printed
2752 1671 23 22 in
2791 1670 75 30 Spain
2882 1671 48 22 and
2946 1670 46 23 this
3007 1677 87 16 causes

2549 1709 84 29 delays
2654 1709 131 23 whenever
2804 1717 14 15 a
2839 1709 112 29 question
2973 1710 73 22 arises
3069 1710 22 22 in

2552 1747 79 23 which
2657 1748 7 22 I
2689 1748 63 23 have
2775 1752 26 19 to
2824 1747 30 25 be
3055 1748 39 23 He

2549 1786 53 23 said
2622 1786 40 24 the
2682 1787 149 29 geographic
2852 1787 110 23 distance
2982 1786 109 24 between

2551 1825 51 23 him
2618 1825 48 23 and
2682 1825 41 23 the
2738 1825 104 30 printers
2857 1826 24 22 in
2899 1825 107 24 Madrid,
3023 1825 69 23 often

2550 1868 119 19 accounts
2700 1864 39 23 for
2769 1864 66 23 slack
2868 1864 97 29 periods
2997 1864 22 23 in
3050 1864 41 24 the

2648 1948 74 23 order
2742 1952 27 19 to
2791 1948 72 23 make
2885 1948 40 23 the
2946 1948 98 29 catalog
3066 1955 25 16 as

2551 1990 116 20 accurate
2680 1994 26 15 as
2865 1986 38 23 Fr.
2918 1986 97 23 O'Neill
3032 1985 59 29 Mid,

2625 2032 40 17 are
2690 2025 75 30 proof
2788 2025 102 30 reading
2914 2025 41 24 the
2980 2025 109 24 material

2550 2064 68 23 three
2639 2064 119 23 different
2778 2064 72 23 times
2871 2064 24 23 in
2917 2064 68 24 three
3006 2064 75 23 differ-

2548 2106 40 20 ent
2774 2103 38 23 He
2830 2103 130 29 explained
2980 2103 50 23 that
3050 2103 40 23 the

2550 2141 109 23 material
2675 2142 19 23 is
2708 2141 76 30 proof
2797 2142 58 23 read
2870 2142 23 23 in
2909 2142 108 23 Madrid,
3033 2142 56 22 then

2548 2180 31 29 by
2594 2180 59 24 him,
2669 2181 47 22 and
2732 2180 56 23 then
2804 2180 16 23 it
2836 2180 19 23 is
2869 2184 53 19 sent
2938 2185 24 18 to
2978 2187 29 16 an
3023 2187 53 17 asso-

2548 2219 63 23 ciate
2624 2219 23 23 in
2661 2219 86 23 Rome.

2582 2264 148 29 Explaining
2749 2264 64 23 what
2835 2264 29 23 he
2886 2268 81 19 meant
2990 2264 31 28 by
3041 2264 47 23 this

2547 2309 73 29 being
2641 2309 40 23 the
2703 2309 52 23 first
2778 2309 76 29 phase
2875 2309 28 22 of
2924 2309 41 23 the
2987 2309 101 29 project,

2547 2353 37 23 Fr.
2609 2353 99 24 O'Neill
2733 2353 52 24 said
2811 2353 46 24 this
2883 2354 75 29 phase
2984 2359 103 17 consist-.

2547 2399 56 28 only
2626 2399 28 23 of
2675 2399 41 23 the
2738 2399 147 23 documents
2907 2398 133 24 contained
3066 2399 22 22 in

3141 499 34 23 La
3199 499 125 22 Aurencia
3403 499 76 22 Santo
3503 499 127 28 Domingo
3654 499 30 23 de

3142 537 22 23 la
3182 537 101 23 Seccion
3302 537 32 23 de
3351 536 36 24 los
3404 536 123 24 Archivos
3545 537 30 23 de
3594 537 34 23 las
3647 537 26 23 In-

3140 576 59 22 dias.
3219 576 59 23 This
3299 583 85 16 means
3404 575 51 24 that
3475 575 41 24 the
3536 576 147 23 documents

3142 614 23 22 in
3183 615 45 22 this
3246 615 75 29 phase
3338 614 28 24 of
3383 614 40 23 the
3441 614 101 30 project,
3559 622 43 16 are
3619 614 65 23 from

3141 660 47 16 one
3208 654 91 23 section
3321 654 29 23 of
3370 653 41 24 the
3432 653 104 29 Spanish
3558 653 124 23 historical

3142 691 109 24 archives
3271 693 24 23 in
3317 692 96 24 Seville.
3644 692 38 23 Fr.
3691 688 7 9 *

3140 730 96 23 O'Neill
3255 731 58 25 said,
3401 731 66 29 hope
3483 735 26 19 to
3525 731 88 23 collect
3633 738 34 16 ma-

3141 769 67 23 terial
3238 769 64 24 from
3332 770 30 23 all
3393 769 28 24 of
3448 769 42 24 the
3519 769 111 24 archives
3658 769 25 24 in

3176 860 38 23 Fr.
3233 861 96 23 O'Neill
3350 861 75 23 noted
3445 861 52 23 that
3517 861 41 23 the
3577 861 105 29 Spanish

3139 899 106 23 colonial
3279 900 84 28 period
3398 900 22 23 in
3456 899 133 24 Louisiana
3622 899 60 24 took

3141 938 69 29 place
3233 938 66 23 from
3326 939 62 22 1760
3411 939 107 28 through
3547 938 63 23 1810
3634 938 48 24 and

3138 976 51 24 that
3217 977 60 23 until
3306 984 62 17 now.
3398 977 46 23 few
3473 977 103 29 original
3605 977 61 23 docu-

3140 1020 78 18 ments
3248 1015 61 24 have
3337 1016 61 23 been
3428 1016 121 23 available
3578 1016 40 23 for
3646 1022 24 17 re-

3140 1054 126 23 searchers
3277 1054 116 29 studying
3404 1054 47 23 this
3464 1055 92 28 period.

3267 1106 79 28 major
3371 1106 49 22 aim
3445 1105 28 23 of
3498 1106 39 23 the

3139 1144 37 24 Fr.
3194 1144 98 23 O'Neill
3310 1144 60 25 said,
3441 1149 24 18 to
3483 1145 103 28 provide
3604 1144 61 23 maxi-

3139 1191 67 15 mum
3229 1183 136 23 utilization
3387 1183 31 29 by
3440 1183 130 23 historians
3591 1183 28 23 of
3641 1183 39 23 the

3136 1223 120 22 immense
3274 1222 78 23 riches
3369 1222 28 22 of
3413 1221 103 30 Spanish

3174 1275 36 23 Fr.
3232 1274 97 24 O'Neill
3350 1274 52 23 said
3423 1274 70 23 when
3514 1274 40 23 the
3574 1274 94 30 catalog-

3136 1314 41 29 ing
3199 1314 18 22 is
3249 1313 141 29 completed
3423 1313 21 22 in
3477 1313 144 29 September
3652 1313 28 23 of

3142 1353 68 23 1968,
3232 1352 41 24 the
3294 1352 99 29 catalog
3413 1352 48 23 and
3483 1352 40 23 the
3546 1352 134 23 microfilm

3137 1391 45 22 will
3201 1391 28 23 be
3247 1391 120 23 available
3385 1395 25 19 to
3426 1390 153 23 researchers
3596 1390 23 24 in
3637 1391 41 23 the

3139 1429 132 23 microfilm
3297 1430 93 22 section
3416 1429 29 23 of
3469 1429 40 24 the
3535 1429 95 29 Loyola
3653 1429 18 23 li-

3138 1468 78 29 brary.

3173 1519 37 23 Fr.
3233 1519 97 23 O'Neill
3353 1519 52 23 said
3428 1519 52 23 that
3503 1524 64 18 most
3589 1519 28 23 of
3639 1519 41 23 the

3137 1558 66 23 work
3221 1558 43 23 has
3281 1558 60 23 been
3360 1558 116 23 financed
3496 1558 30 28 by
3544 1564 134 16 numerous

3137 1602 81 24 grants
3238 1597 65 22 from
3323 1597 40 22 the
3382 1600 161 26 government
3564 1597 49 22 and
3632 1597 36 29 pri-

3138 1640 53 18 vate
3204 1635 189 30 organizations.

3139 1737 116 47 New
3304 1738 91 45 I.D.
3444 1738 215 57 pictures

3137 1807 91 46 will
3248 1807 59 47 be
3324 1807 163 47 issued
3508 1806 130 47 Mon.

3171 1878 50 22 I.D.
3249 1877 166 29 replacement
3442 1877 105 29 pictures
3574 1877 46 23 will
3647 1877 30 23 be

3135 1916 81 25 taken,
3236 1916 89 23 March
3348 1916 28 23 18
3395 1916 65 22 from
3483 1915 74 23 11:30
3575 1922 56 17 a.m.
3651 1919 26 20 to

3139 1955 55 23 1:30
3211 1961 58 22 p.m.
3288 1955 23 23 in
3329 1955 42 23 the
3387 1955 102 23 Student
3508 1954 105 23 Council
3631 1954 31 23 Of-

3136 1993 47 23 fice
3204 1994 22 22 in
3247 1994 41 22 the
3307 1993 127 23 basement
3453 1993 28 23 of
3503 1994 88 22 Danna
3611 1993 49 23 Cen-

3135 2036 36 19 ter
3194 2033 148 22 announced
3368 2032 85 28 Henry
3478 2031 87 24 Asher,
3591 2032 84 23 Union

3136 2071 120 22 Director.

3169 2122 79 23 There
3264 2122 17 23 is
3295 2130 14 15 a
3323 2121 167 30 replacement
3506 2121 38 24 fee
3558 2121 28 23 of
3601 2121 74 25 $3.00

3134 2168 38 22 for
3192 2175 47 21 any
3260 2167 115 23 full-time
3394 2167 98 23 student
3512 2166 57 23 who
3588 2166 87 23 wishes

3133 2216 25 19 to
3170 2212 84 23 obtain
3267 2212 104 23 another
3382 2212 66 23 card.

3166 2265 82 22 Those
3269 2264 57 23 who
3348 2264 61 23 have
3431 2264 100 28 already
3554 2264 57 28 paid
3634 2264 40 23 the

3133 2309 38 23 fee
3186 2309 48 23 and
3249 2309 61 23 have
3325 2309 116 22 obtained
3457 2316 13 15 a
3485 2309 121 22 facsimile
3622 2308 51 23 I.D.

3131 2354 57 22 card
3216 2354 48 22 will
3291 2358 41 18 not
3360 2353 29 23 be
3415 2353 116 29 charged,
3558 2353 42 23 but
3627 2353 47 23 still

3133 2404 63 17 must
3210 2399 62 22 have
3285 2406 13 15 a
3311 2405 53 16 new
3376 2398 59 23 card
3448 2398 79 23 made.

1748 148 111 26 THE
1903 148 251 26 MAROON

221 151 123 30 Friday,
370 152 108 27 March
505 152 46 29 15,
577 152 76 27 1968

3476 149 204 29 3

1481 3715 148 28 WINNER
1649 3714 49 29 OF
1718 3715 20 28 7
1757 3715 185 28 ACADEMY
1963 3715 142 29 AWARD
2128 3716 273 29 NOMINATIONS

1453 3773 223 27 INCLUDING
1692 3774 97 26 BEST
1805 3775 169 27 PICTURE
1998 3790 11 6 -
2032 3776 95 26 BEST
2144 3776 138 27 ACTOR
2304 3791 11 6 -
2338 3776 94 27 BEST

1537 3815 203 26 DIRECTOR
1762 3830 11 6 -
1795 3815 96 28 BEST
1903 3816 254 27 SUPPORTING
2172 3817 173 27 ACTRESS

1511 3896 93 19 JOSEPH
1612 3896 11 19 E
1636 3894 82 21 LEVINE

1513 3939 74 24 MIKE
1598 3939 142 25 NICHOLS

1512 3970 172 24 LAWRENCE
1695 3971 134 24 TURMAN
2012 4005 32 6 __
2162 4004 97 10 __...

1508 4490 81 38 This
1606 4490 29 38 is
1652 4490 193 46 Benjamin.

1509 4545 80 38 He's
1605 4556 21 27 a
1642 4544 88 39 little
1746 4545 148 38 worried
1910 4545 108 39 about
2034 4545 54 39 his
2104 4546 129 39 future.

1509 4648 110 67 THE
1641 4647 309 68 GRADUATE

1509 4745 83 34 ANNE
1604 4746 159 31 BANCROFT
1798 4743 113 36 DUSTIN
1922 4744 150 34 HOFFMAN
2102 4745 173 34 KATHARINE
2286 4745 81 35 ROSS

1509 4793 129 36 CALDER
1649 4793 243 44 WILLINGHAM.,
1907 4792 92 35 BUCK
2011 4793 115 33 HENRY
2156 4793 88 35 PAUL
2255 4793 112 36 SIMON

1509 4842 135 36 SIMON..
1661 4842 201 35 GARFUNKEL
1890 4841 185 34 LAWRENCE
2086 4841 147 35 TURMAN

1511 4892 26 33 M
1538 4882 61 63 M
1604 4892 24 33 N
1630 4890 121 36 LS
1900 4921 95 30 NOW
2019 4920 45 30 SH
2066 4917 139 32 owiNe

1818 4969 31 22 At
1862 4964 419 26 11:10-l:204:30-S:40-7:4Si9:SS

1475 5144 52 29 7th
1554 5145 96 27 week
1863 5113 370 56 rTTT^Vrrnp

2862 2499 28 22 Al
2903 2500 99 25 Lanoux,
3016 2499 93 27 college
3122 2499 186 27 representative
3320 2498 37 22 for

2723 2556 199 36 Davidson
2957 2555 143 37 Dental
3133 2555 145 46 Supply
3309 2555 84 42 Co.,
3427 2555 75 36 Inc.

2841 2626 45 20 741
2902 2626 93 21 Maison
3008 2625 99 22 Blanche
3120 2624 74 28 Bldg.,
3208 2626 59 20 New
3279 2624 101 22 Orleans

3002 2673 79 21 Phone
3094 2674 122 20 523-1801

2570 2978 231 16 ADVERTISEMENT

3284 3035 6 2 -
3298 3017 99 24 J-rtrpr
3410 3032 12 10 a

2569 3315 226 58 CAMPUS
2840 3315 190 58 CLOSET

2569 3428 35 23 By
2621 3427 101 21 LINDA
2739 3427 152 21 O'DWYER

2598 3464 64 19 1968
2677 3463 103 25 College
2796 3463 83 20 Board
2895 3462 113 22 Member

2676 3663 48 27 girl
2741 3662 88 23 should
2846 3662 31 22 be
2894 3662 123 23 feminine
3035 3662 50 22 and
3128 3664 58 20 turn
3205 3664 27 20 to
3252 3662 42 22 the
3315 3662 46 22 Old
3382 3662 90 22 Russia
3492 3661 21 23 is
3533 3669 80 15 marve-

2688 3705 41 27 So,
2752 3705 21 22 A
2796 3705 20 22 &
2840 3705 28 26 R,
2891 3712 15 15 a
2929 3706 43 26 top
2994 3705 92 22 Junior
3127 3704 61 22 lous.
3212 3704 53 22 The
3287 3705 76 22 white
3384 3704 65 23 voile
3472 3704 89 22 bodice
3584 3705 45 21 has

2586 3748 194 22 manufacturer
2804 3747 115 22 believes.
2947 3747 70 22 Gone
3041 3754 43 15 are
3127 3746 42 22 the
3188 3746 60 26 high
3268 3745 110 27 Zhivago
3398 3745 78 23 collar
3494 3746 61 22 with
3573 3746 56 26 tiny

2586 3790 42 22 the
2645 3797 60 19 very
2721 3789 115 27 tailored,
2853 3789 110 26 straight
2978 3789 63 22 lines
3056 3788 29 22 of
3127 3788 106 22 covered
3249 3788 107 22 buttons
3371 3788 111 27 running
3497 3788 72 22 down
3586 3788 42 22 the

2586 3832 42 22 the
2653 3833 86 21 cotton
2763 3831 120 23 skimmer
2962 3832 62 21 Now
3047 3837 38 16 we
3128 3830 60 27 side,
3202 3837 61 16 over
3277 3837 15 15 a
3306 3830 63 22 dark
3382 3830 64 22 solid
3460 3829 82 22 dirndl
3556 3829 70 23 skirt,

2586 3874 62 21 have
2672 3873 42 23 the
2738 3873 54 23 soft
2815 3873 111 26 alluring
2948 3873 86 27 voiles,
3059 3873 25 22 in
3128 3872 21 20 A
3167 3871 91 23 ribbon
3277 3872 53 22 belt
3348 3871 122 23 encircles
3487 3872 43 22 the
3547 3871 80 22 waist,

2586 3923 76 19 every
2691 3915 77 27 color,
2798 3915 61 22 with
2890 3915 111 27 genuine
3031 3915 54 22 lace
3163 3914 152 27 Combining
3338 3915 43 22 the
3407 3914 79 23 Great
3509 3913 120 23 Neutrals

2586 3959 79 25 trims,
2683 3965 14 15 a
2714 3958 55 22 soft
2786 3957 98 27 feeling
2900 3958 25 21 in
2944 3957 42 23 the
3004 3957 83 27 palest
3128 3956 81 22 which
3225 3964 42 15 are
3285 3956 27 22 In
3328 3956 42 22 for
3386 3956 92 27 Spring
3493 3956 48 21 and
3558 3956 54 22 Sum-

2586 4000 101 27 pastels,
2709 3999 71 22 fresh
2802 3999 100 22 sunkist
2923 3999 90 27 colors,
3037 3999 49 22 and
3129 4005 60 20 mer,
3210 3998 49 21 and
3279 4006 14 14 a
3312 3998 109 27 genuine
3442 3997 53 22 lace
3515 3999 114 20 contrast

2586 4042 107 22 delicate
2715 4042 136 22 sherberts.
2876 4042 122 22 Whether
3020 4042 22 22 A
3066 4042 19 22 &
3129 4040 66 27 trim,
3218 4041 21 20 A
3261 4040 21 21 &
3305 4040 21 21 R
3346 4040 71 26 gives
3437 4039 42 22 the
3500 4039 92 22 Junior
3613 4046 15 14 a

2586 4084 40 21 R's
2648 4083 70 23 dress
2739 4083 21 23 is
2781 4091 14 15 a
2816 4084 128 26 skimmer,
2965 4084 72 26 shift,
3058 4091 29 15 or
3128 4084 73 24 great
3224 4081 147 26 shirtdress;
3394 4081 59 27 high
3476 4080 152 22 Edwardian

2585 4125 134 23 shirtdress
2742 4126 61 22 with
2827 4125 102 23 natural
2952 4125 134 27 waistline,
3128 4124 54 22 lace
3205 4123 117 23 trimmed
3345 4122 86 27 collar,
3454 4122 61 27 long
3537 4122 91 23 cuffed

2586 4168 70 23 there
2674 4167 20 23 is
2711 4169 57 22 that
2783 4168 124 23 feminine
2923 4168 90 26 appeal
3030 4168 57 22 that
3129 4164 91 27 sleeve,
3233 4165 54 22 lace
3299 4164 43 22 bib
3355 4164 80 27 front,
3448 4164 49 22 and
3511 4171 14 15 a
3537 4163 77 28 swing-

2586 4209 142 23 dominates
2741 4210 43 22 the
2797 4210 68 22 Look
2878 4210 42 21 for
2933 4210 47 21 '68.
3128 4207 44 27 ing
3199 4207 82 22 dirndl
3308 4207 64 22 skirt
3398 4207 81 22 under
3504 4214 14 15 a

2621 4266 58 21 Two
2694 4266 28 21 of
2735 4266 44 22 the
2791 4265 133 23 dominant
2937 4266 87 27 spring
3037 4265 50 22 col-
3129 4257 16 18 K
3148 4257 5 13 '
3157 4256 11 13 r
3171 4249 6 21 '
3210 4249 58 21 belt.

2651 4307 6 7 ,
2669 4307 6 10 ,
2708 4307 6 10 ,
2782 4307 6 7 ,
2829 4307 32 7 ...
3011 4307 6 7 ,
3029 4307 5 5 .
3078 4307 6 6 ,
3165 4291 56 26 But,
3240 4290 59 22 A&
3320 4290 19 22 R
3358 4291 97 21 dresses
3472 4297 43 15 are
3533 4290 34 22 all
3584 4291 45 21 not

2586 4314 50 20 ors,
2652 4308 72 21 black
2740 4308 49 21 and
2804 4308 76 21 white
2896 4315 43 15 are
2954 4308 132 22 combined

2871 4350 6 6 .
2890 4350 5 5 .
2912 4351 6 5 .
2932 4350 7 5 .
3033 4350 6 8 ,
3129 4332 122 23 feminine
3286 4332 88 22 solids:
3409 4332 42 22 the
3486 4332 143 22 Individual

2586 4351 53 21 into
2666 4357 14 15 a
2707 4352 124 21 romantic
2858 4351 148 22 shirtdress:
3033 4351 54 21 lace

2905 4391 57 5 ...
3050 4391 16 6 ~
3128 4374 55 21 You
3205 4381 47 14 can
3274 4374 63 21 have
3359 4373 74 27 zingy
3456 4373 88 27 plaids,
3568 4373 60 22 mini

2585 4393 117 21 trimmed
2739 4393 132 21 Victorian
2905 4393 88 21 bodice
3026 4393 60 20 with

2586 4433 6 9 ,
2668 4434 6 4 .
2726 4434 5 4 .
3030 4433 5 6 .
3071 4433 6 6 ,
3128 4416 75 26 polka
3219 4416 64 25 dots,
3301 4422 86 19 newsy
3404 4415 89 23 checks
3510 4422 29 15 or
3555 4417 74 24 great

2586 4434 61 26 long
2660 4434 91 27 deeply
2765 4434 91 22 cuffed
2870 4434 96 22 sleeves
2986 4434 27 26 (6
3028 4434 58 21 inch

2787 4476 22 7 ~
2844 4476 6 7 ,
3068 4475 6 8 ,
3130 4457 136 26 Beardsley
3293 4457 88 26 prints.
3410 4456 121 23 Combine
3560 4457 68 22 them

2586 4477 71 24 cuff)
2679 4483 60 15 over
2756 4483 13 15 a
2787 4477 72 21 black
2877 4477 49 21 and
2942 4477 76 21 white
3034 4477 40 25 pol-

2643 4516 6 6 ,
2669 4519 8 6 .
2710 4517 7 4 ~
2958 4518 17 7 ..
3128 4500 60 22 with
3207 4499 63 22 wide
3290 4500 90 25 patent
3398 4505 28 16 or
3444 4499 90 22 ribbon
3555 4499 72 26 belts,

2586 4518 32 21 ka
2636 4518 44 21 dot
2697 4518 72 22 shirt.
2789 4518 21 21 A
2829 4518 21 21 &
2870 4518 20 21 R
2908 4519 134 20 continues
3061 4524 25 15 in

2586 4558 63 5 ...
2725 4560 5 3 .
2859 4560 9 3 .
2987 4559 5 6 .
3062 4559 5 6 .
3128 4541 43 22 off
3194 4540 76 23 white
3295 4541 130 25 stockings
3448 4547 29 15 or
3500 4540 43 23 the
3568 4542 46 20 wet-

2586 4561 72 20 black
2683 4561 49 21 and
2755 4561 76 21 white
2855 4561 43 21 for
2921 4566 116 21 evening,
3061 4566 25 16 in

2670 4601 8 4 .
2798 4583 29 27 ...
2859 4583 4 27 .
2929 4602 5 6 ,
2947 4583 4 27 .
3014 4602 6 6 ,
3128 4583 66 26 look,
3213 4583 49 22 and
3281 4583 101 26 chunky
3401 4584 89 26 patent
3508 4583 73 22 shoes
3600 4588 29 17 or

2586 4608 48 16 one
2649 4602 29 21 of
2691 4602 43 22 the
2750 4604 119 25 prettiest
2882 4601 108 23 cocktail
3006 4602 81 22 dress-
3481 4601 9 13 1

2924 4643 14 4 _
2973 4643 5 6 .
3079 4643 6 4 .
3129 4624 65 23 little
3210 4625 88 22 heeled
3312 4625 109 26 sandals,
3438 4625 49 22 and
3503 4625 42 22 the
3560 4625 68 22 Look

2586 4650 27 16 es
2633 4650 38 16 we
2692 4644 63 22 have
2776 4651 60 15 seen
2858 4644 43 22 for
2923 4644 93 27 Spring
3036 4644 50 21 and

2748 4685 5 4 .
2997 4684 57 6 ...
3130 4667 20 22 is
3164 4667 153 23 unbeatable
3331 4667 42 22 for
3386 4667 122 22 Summer.

2586 4686 123 22 Summer.
2740 4686 22 20 A
2791 4686 74 22 white
2896 4692 73 19 crepe
2998 4686 88 21 bodice

3164 4709 44 22 We
3226 4708 73 23 think
3316 4709 22 22 A
3355 4709 21 21 &
3395 4709 20 21 R
3432 4709 21 22 is
3470 4710 80 25 great.
3569 4708 60 22 This

2586 4733 60 22 with
2671 4733 60 26 long
2756 4734 103 25 pointed
2884 4733 78 23 collar
2986 4740 61 15 over
3072 4741 14 14 a
3166 4733 4 26 .
3216 4750 5 7 ,
3277 4750 23 9 IT
3318 4749 7 6 .
3497 4733 3 26 .
3539 4750 14 6 ..

3129 4751 128 25 Saturday
3278 4751 104 21 Holmes
3402 4752 116 25 presents
3537 4753 33 19 its
3591 4756 26 16 sa-

2586 4781 83 23 dirndl
2683 4782 65 23 skirt
2763 4783 28 21 of
2806 4782 97 23 ruffled
2918 4782 90 23 ribbon
3024 4782 61 23 lace.
3129 4793 6 21 ]
3139 4799 14 15 u
3156 4794 10 20 j
3168 4799 13 16 e
3200 4794 27 21 to
3246 4792 102 22 A&R
3367 4793 25 22 in
3411 4793 42 21 the
3472 4792 92 22 Junior
3582 4792 46 21 De-

2586 4824 68 23 With
2682 4825 76 23 silver
2784 4825 128 27 stockings
2940 4825 49 22 and
3017 4827 70 26 strap
3130 4841 45 20 par
3176 4836 83 21 tment
3279 4837 27 20 at
3329 4835 11 20 1
3364 4841 56 20 p.m.
3442 4836 28 20 at
3491 4833 78 23 Canal
3591 4833 35 22 St.

2586 4867 110 26 sandals,
2727 4868 43 22 the
2802 4867 100 27 perfect
3129 4876 49 21 and
3195 4879 27 19 at
3239 4877 43 26 ip
3293 4883 23 14 m
3340 4876 50 21 and
3406 4876 44 27 3p
3461 4882 23 15 m
3487 4892 5 5 .
3509 4877 26 20 at

2713 4909 43 22 for
2785 4910 43 21 the
2857 4909 94 27 Spring
2979 4909 107 22 formals
3128 4918 54 22 side
3210 4918 50 22 and
3290 4918 134 22 Oakwood.
3455 4918 46 22 Mr.
3532 4917 97 22 Arthur

2586 4950 102 26 coming
2702 4958 40 19 up.
3131 4959 78 23 Caine
3223 4959 29 22 of
3266 4960 21 21 A
3303 4959 20 21 &
3340 4959 19 21 R
3373 4958 49 22 will
3437 4959 32 22 be
3482 4966 69 14 more
3566 4958 60 22 than

2620 5005 28 21 In
2670 5013 15 14 a
2705 5007 55 22 soft
2780 5006 73 27 voile,
2875 5008 21 21 A
2918 5008 21 21 &
2962 5008 19 21 R
3002 5008 85 22 thinks
3130 5002 82 26 happy
3241 5002 25 21 to
3295 5000 58 27 help
3382 5007 48 19 you
3457 5000 79 22 select
3564 5007 64 19 your

2585 5047 57 22 that
2663 5047 42 22 the
2728 5047 111 28 Zhivago
2862 5049 57 21 look
2941 5049 49 22 and
3014 5057 15 14 a
3049 5055 39 16 re-
3130 5042 131 22 wardrobe
3275 5041 41 23 for
3330 5041 99 28 Spring.
