3727 5406
321 401 244 63 Corner
608 423 86 39 on

396 483 223 74 Sports

493 582 30 32 by

405 616 78 26 MIKE
505 616 105 26 LANGE

169 801 94 29 Loyola
285 800 89 23 should
397 800 62 29 drop
482 800 79 29 major
583 800 95 30 college

135 839 134 24 basketball
271 846 64 16 —-or
359 839 57 29 they
441 838 89 23 should
555 838 58 24 take
636 839 42 24 the

135 885 129 22 necessary
287 882 66 25 steps
377 882 25 18 to
426 877 71 29 bring
521 877 42 24 the
586 878 93 23 caliber

135 917 28 23 of
183 918 39 23 the
243 917 135 23 basketball
400 924 116 22 program
537 923 34 23 up
591 921 27 19 to
638 917 41 23 the

135 957 129 22 standards
284 955 28 24 of
332 964 15 15 a
367 955 100 24 GOOD
487 956 95 29 college
604 960 72 19 team.

171 996 129 23 However,
321 995 40 23 the
380 994 86 24 choice
488 994 22 23 in
530 994 42 25 the
592 998 87 19 matter

135 1034 19 23 is
174 1041 33 23 up
227 1037 26 19 to
272 1034 41 23 the
333 1033 111 24 students
466 1034 48 23 and
536 1033 94 24 alumni
650 1032 28 24 of

138 1073 94 28 Loyola
245 1072 149 28 University.

171 1111 70 25 First,
265 1111 16 23 it
304 1115 65 19 must
392 1111 29 23 be
444 1111 146 23 considered
613 1110 64 23 what

138 1151 17 22 is
171 1151 41 22 the
229 1150 50 24 role
294 1150 29 23 of
339 1150 79 29 major
433 1150 95 29 college
544 1148 132 24 basketball

136 1189 24 24 in
185 1189 40 24 the
249 1189 92 23 overall
368 1189 94 28 Loyola
487 1189 100 28 picture.
614 1187 19 22 It
658 1187 20 22 is

137 1228 104 23 obvious
259 1228 51 23 that
328 1227 136 23 basketball
481 1227 59 23 does
558 1229 40 20 not
618 1226 61 22 have

137 1274 13 16 a
163 1266 58 30 high
232 1266 111 30 priority.

173 1306 45 22 But
234 1305 90 23 should
340 1305 33 23 it?
388 1306 50 22 Are
454 1304 110 23 athletics
583 1304 21 21 in
622 1309 43 22 gen-

138 1344 50 23 eral
205 1351 13 16 a
234 1344 57 29 help
306 1351 30 16 or
351 1351 14 16 a
380 1344 135 22 hindrance
529 1347 28 18 to
573 1340 108 30 Loyola?

171 1383 56 23 Col.
254 1383 94 23 Robert
372 1381 114 29 Sabolyk,
513 1381 115 22 Director
652 1379 28 24 of

138 1422 129 25 Athletics,
285 1422 52 22 said
354 1420 110 24 athletics
481 1419 66 30 gives
565 1427 12 15 a
594 1419 85 22 school

137 1468 14 15 a
169 1461 109 22 national
298 1461 86 28 image,
403 1463 48 19 sort
469 1459 28 23 of
514 1459 52 22 free
585 1457 82 24 nation-

138 1500 22 22 al
174 1499 126 29 publicity.

172 1538 75 23 Some
265 1538 46 23 feel
329 1538 51 22 that
398 1544 13 16 a
428 1536 64 30 good
511 1535 98 24 athletic
628 1541 39 23 rep-

139 1577 95 22 utation
258 1577 46 22 will
328 1576 52 23 also
401 1575 56 29 help
479 1579 26 19 to
525 1574 68 23 draw
616 1573 65 30 good

138 1616 127 22 academic
291 1615 117 23 students.
433 1614 52 23 The
509 1613 60 23 Rev.
596 1613 84 28 Henry

139 1654 155 23 Montecino,
310 1653 55 25 S.J.,
380 1653 128 23 chairman
523 1651 29 23 of
566 1651 40 23 the
622 1650 45 24 Fac-

138 1693 50 28 ulty
209 1693 151 22 Committee
380 1699 31 16 on
432 1690 129 25 Athletics,
581 1689 100 30 regards

140 1732 47 22 this
199 1732 54 22 idea
266 1738 26 16 as
304 1738 14 16 a
331 1730 75 29 myth.

215 1771 33 22 do
264 1775 41 17 not
321 1769 70 23 think
407 1768 51 24 that
475 1775 30 16 an
522 1767 159 28 outstanding

138 1813 82 25 sports
246 1815 115 22 program
388 1811 100 20 attracts
514 1806 94 23 serious
633 1809 38 19 stu-

138 1848 72 22 dents
226 1852 25 18 to
265 1853 48 22 any
470 1845 32 23 he
515 1845 60 23 said.
633 1844 47 22 feel

140 1886 52 24 that
211 1886 94 28 college
325 1885 112 23 athletics
456 1885 25 22 in
502 1883 97 30 general
620 1882 63 23 have

139 1932 56 16 now
214 1929 83 25 gotten
316 1929 26 18 to
359 1924 41 23 the
418 1928 67 24 stage
504 1922 27 23 of
551 1922 71 29 being
641 1921 41 29 big

173 2002 80 23 There
270 2008 46 17 can
334 2001 29 24 be
381 2001 59 23 little
457 2007 27 16 or
503 2007 31 15 no
552 2003 127 25 argument

140 2049 32 15 on
188 2041 46 23 this
249 2041 76 28 point.
340 2040 102 29 College
457 2038 111 24 athletics
583 2044 41 16 are
638 2043 30 16 un-

140 2080 136 28 doubtedly
508 2077 38 23 To
560 2075 122 30 complete

139 2125 33 16 on
194 2126 15 14 a
228 2117 109 23 national
359 2116 60 23 level
441 2115 109 30 requires
571 2114 112 24 finances

140 2157 83 23 which
236 2156 95 29 Loyola
343 2156 18 22 Is
375 2159 41 19 not
431 2154 91 29 willing
535 2157 25 19 to
574 2157 42 25 put
629 2156 50 19 out.

174 2196 87 22 Senior
298 2195 56 23 Dan
393 2193 50 24 Bell
482 2192 55 23 who
575 2191 107 29 recently

138 2234 85 23 closed
245 2238 42 18 out
310 2233 37 23 his
369 2232 84 24 fourth
476 2232 49 23 and
548 2230 59 24 final
630 2237 39 16 sea-

139 2280 46 16 son
210 2273 28 22 of
263 2272 92 29 Loyola
381 2270 134 24 basketball
541 2269 48 23 had
613 2275 69 17 some

139 2312 75 22 views
229 2318 31 16 on
277 2311 40 23 the
332 2310 101 29 subject.
531 2308 80 23 whole
627 2314 42 23 pro-

140 2357 70 23 gram
228 2350 43 22 has
290 2350 61 22 been
575 2347 29 23 he
622 2345 60 24 said.

256 2393 64 18 want
354 2387 110 30 big-time
497 2385 111 24 athletics
641 2385 41 22 but

141 2428 92 28 they're
252 2431 42 19 not
314 2426 91 29 willing
423 2429 26 20 to
468 2431 47 24 pay
533 2424 42 24 the

174 2466 53 23 The
255 2466 60 22 Rev.
342 2466 82 22 James
450 2464 29 23 C.
506 2463 96 25 Carter,
628 2462 55 25 S.J.,

141 2505 82 29 acting
241 2503 201 24 Vice-President
460 2503 40 22 for
518 2501 102 23 Student
639 2500 31 23 Af-

141 2544 68 26 fairs,
229 2544 53 22 said
302 2543 55 23 this:
451 2542 8 22 I
481 2548 39 16 see
541 2541 25 23 it.
588 2539 83 24 basket-

142 2582 47 24 ball
216 2582 43 23 has
285 2589 13 15 a
324 2581 51 23 role
400 2581 25 23 in
451 2579 110 30 forming
586 2578 98 23 student

143 2621 92 23 morale
251 2621 47 22 and
314 2619 110 29 creating
439 2626 14 16 a
469 2618 90 29 feeling
574 2617 28 23 of
615 2623 52 16 com-

143 2660 95 28 munity
265 2659 83 23 within
375 2658 41 24 the
442 2656 149 29 University.
619 2655 20 23 It
664 2655 21 23 is

141 2699 53 23 also
221 2706 14 15 a
263 2698 65 22 form
356 2698 28 22 of
654 2694 30 22 he

143 2737 60 23 said.

178 2775 91 23 Father
282 2775 88 23 Carter
385 2773 52 24 said
453 2773 15 23 it
485 2773 18 23 is
518 2772 51 23 also
586 2779 13 15 a
614 2771 60 29 rally-

143 2814 41 29 ing
204 2814 68 28 point
293 2814 39 22 for
352 2812 101 24 alumni,
474 2810 140 29 something
634 2809 51 23 that

143 2853 69 28 helps
232 2853 62 28 keep
315 2852 63 23 their
398 2851 97 23 interest
517 2850 24 22 in
563 2849 39 23 the
624 2848 46 23 Uni-

144 2891 98 28 versity.

241 2928 157 27 (basketball)
425 2927 17 23 is
470 2935 12 15 a
510 2926 56 29 help
592 2930 27 18 to
644 2925 41 23 the

144 2969 142 27 university,
309 2967 41 23 but
371 2967 30 23 its
422 2965 102 30 priority
546 2965 42 22 has
610 2969 25 18 to
655 2963 31 24 be

144 3007 110 28 weighed
278 3007 92 28 against
395 3005 29 23 all
448 3005 70 22 other

145 3046 90 22 Father
255 3045 89 23 Carter
365 3043 59 24 said.
448 3043 38 23 He
508 3042 51 23 said
583 3042 14 22 it
621 3041 18 23 is
660 3046 27 18 to

144 3085 30 23 be
189 3084 90 23 looked
295 3090 68 22 upon
379 3090 24 15 as
420 3089 29 15 an
464 3082 148 22 investment
628 3079 57 23 with

144 3123 42 23 the
208 3127 95 18 returns
325 3122 58 22 both
405 3120 97 23 student
524 3119 47 23 and
593 3118 92 23 alumni

146 3161 101 23 morale.

180 3200 34 23 So
232 3200 47 22 this
298 3202 56 26 puts
373 3198 40 23 the
432 3197 59 22 bulk
509 3196 27 23 of
556 3196 39 22 the
615 3195 58 29 prob-

145 3239 49 22 lem
207 3245 32 16 on
255 3238 40 23 the
310 3237 110 22 students
436 3235 46 23 and
498 3234 92 23 alumni
605 3234 80 22 where

144 3278 18 23 it
183 3278 44 22 has
248 3275 122 31 probably
391 3274 61 23 been
473 3273 30 23 all
525 3272 40 24 the
586 3272 66 23 time.

180 3316 23 23 If
218 3316 41 23 the
275 3313 198 25 administration
491 3312 58 23 feels
565 3312 16 22 it
599 3311 17 22 is
631 3317 42 22 sup-

148 3355 97 29 porting
258 3352 135 25 basketball
408 3360 26 14 as
447 3359 12 15 a

144 3400 29 16 or
193 3400 25 16 as
238 3400 14 16 a
272 3392 65 23 form
358 3391 28 23 of
405 3389 189 24 entertainment
615 3395 27 15 or
663 3392 25 18 to

145 3435 82 20 create
245 3438 13 16 a
277 3431 92 28 feeling
386 3429 28 23 of
431 3427 155 28 community
605 3427 47 22 and
671 3426 18 23 if

146 3471 41 22 the
209 3470 111 23 students
341 3468 49 24 and
411 3466 94 24 alumni
528 3472 41 16 are
591 3469 42 19 not
655 3471 23 17 re-

147 3509 124 29 sponding
288 3511 26 19 to
332 3506 55 25 this,
406 3505 57 29 why
481 3504 89 23 should
590 3504 40 22 the
649 3503 27 23 ad-

148 3547 163 23 ministration
336 3545 46 24 feel
407 3543 99 30 obliged
530 3547 26 19 to
578 3543 53 28 give
656 3543 22 21 in-

146 3586 101 23 creased
276 3585 72 22 funds
376 3588 26 19 to
428 3582 41 24 the
496 3581 112 24 athletics
635 3587 41 22 pro-

148 3624 84 29 gram?

756 802 73 23 More
851 802 99 23 student
971 802 48 23 and
1042 802 95 24 alumni
1160 806 104 26 support

722 841 80 22 would
827 840 118 30 certainly
971 841 56 29 help
1053 842 107 23 towards
1185 846 66 19 creat-

724 881 38 28 ing
783 887 13 15 a
817 879 108 30 winning
945 880 69 29 spirit
1035 883 24 21 at
1081 880 101 29 Loyola.
1205 881 58 23 And

722 918 55 23 who
794 918 135 24 knows—a
945 918 110 30 winning
1072 919 68 29 spirit
1160 926 56 22 may
1234 919 29 24 be

722 957 203 24 conducive
948 962 25 19 to
995 958 110 28 winning
1128 958 136 23 basketball

722 1003 90 22 games.

757 1042 56 22 Last
830 1047 65 22 year,
912 1042 69 22 there
996 1048 50 17 was
1063 1049 14 16 a
1094 1042 63 23 faint
1174 1042 91 29 feeling

722 1080 27 22 of
768 1080 67 29 spirit
858 1080 74 29 rising
952 1087 31 16 on
1005 1087 104 23 campus
1130 1081 70 23 when
1223 1081 40 23 the

723 1119 134 22 basketball
874 1124 65 18 team
954 1119 102 29 jumped
1072 1119 40 23 off
1127 1123 26 19 to
1168 1127 14 16 a
1198 1124 66 25 great

722 1162 65 18 start.
815 1158 46 23 But
887 1158 70 23 when
983 1165 70 17 some
1078 1159 96 28 players
1200 1165 64 17 were

723 1196 128 24 dismissed
867 1196 65 23 from
949 1197 40 23 the
1005 1202 64 18 team
1086 1198 40 22 for
1141 1197 112 29 disciplin-

722 1243 41 21 ary
782 1242 107 18 reasons,
908 1236 40 23 the
967 1236 90 29 feeling
1075 1236 27 23 of
1201 1236 61 26 well,

723 1282 36 15 we
778 1275 74 22 won't
871 1275 46 22 win
938 1274 119 30 anything
1076 1282 55 16 now
1150 1282 28 16 so
1197 1275 68 23 there

723 1314 18 22 is
763 1321 33 15 no
819 1320 43 17 use
884 1314 74 29 going
980 1318 26 19 to
1028 1314 40 23 the
1200 1320 64 17 once

724 1352 71 29 again
809 1352 102 23 became
923 1352 182 30 predominant.

758 1406 20 22 It
799 1412 49 16 was
869 1405 57 23 then
947 1405 52 23 that
1022 1405 38 23 the
1083 1409 64 19 team
1169 1405 94 23 needed

724 1451 13 16 a
759 1444 72 23 boost
853 1444 65 23 from
939 1444 42 23 the
1002 1444 110 23 students
1135 1443 41 24 but
1200 1450 65 17 none

724 1489 48 17 was
797 1483 75 22 there.
900 1483 106 23 Because
1030 1483 28 23 of
1081 1490 14 15 a
1119 1489 62 22 poor
1204 1486 60 19 start

724 1522 46 22 this
789 1528 57 22 year
862 1521 68 23 there
946 1528 49 16 was
1012 1528 60 16 even
1090 1521 47 23 less
1153 1525 111 25 support.

724 1561 57 22 This
798 1561 75 28 year's
889 1565 65 18 team
971 1567 55 16 won
1041 1566 74 17 seven
1131 1560 28 23 of
1174 1560 29 23 its
1219 1560 45 23 last

724 1604 39 17 ten
781 1606 83 22 games
881 1599 88 23 almost
985 1599 103 28 entirely
1104 1605 33 16 on
1154 1599 29 23 its
1199 1605 66 21 own;

724 1638 40 23 the
783 1638 106 29 backing
907 1638 15 22 it
942 1638 110 22 received
1072 1644 49 16 was
1141 1638 45 22 less
1204 1638 60 23 than

726 1677 136 29 negligible.

757 1730 70 22 Once
844 1729 40 23 the
900 1729 111 23 students
1027 1729 49 23 and
1094 1729 93 23 alumni
1204 1729 49 23 real-

726 1769 35 23 ize
779 1768 52 23 that
849 1768 40 23 the
908 1767 197 24 administration
1125 1767 19 23 is
1163 1771 42 20 not
1225 1775 28 23 go-

724 1808 41 29 ing
782 1811 25 19 to
825 1811 73 20 waste
917 1814 89 22 money
1024 1814 31 15 on
1075 1815 13 15 a
1106 1814 116 22 program
1241 1807 24 23 in

725 1846 79 23 which
827 1853 33 15 no
880 1853 47 16 one
950 1846 18 22 is
990 1845 131 24 interested
1144 1846 49 23 and
1215 1846 50 23 that

724 1885 64 29 they,
819 1888 43 19 not
892 1884 41 24 the
963 1884 206 25 administration,
1202 1888 63 19 must

725 1924 73 23 make
825 1923 42 24 the
893 1923 53 24 first
974 1930 80 18 move,
1083 1923 39 24 the
1149 1923 116 24 situation

726 1969 56 22 may
795 1962 56 23 then
864 1962 119 29 improve.

762 2008 19 22 It
795 2008 67 22 takes
875 2015 14 15 a
903 2007 108 29 winning
1023 2011 66 19 team
1103 2007 57 23 with
1174 2014 13 16 a
1200 2007 65 29 good

725 2047 109 22 national
851 2047 116 23 schedule
984 2050 26 19 to
1027 2049 87 20 attract
1132 2050 41 25 top
1192 2046 73 23 notch

726 2085 47 23 ball
794 2085 102 29 players.
917 2085 94 28 Loyola
1029 2085 43 22 has
1092 2085 40 22 the
1151 2084 114 23 schedule

726 2129 25 18 to
767 2128 87 19 attract
870 2124 104 29 players.
989 2124 54 22 The
1060 2130 89 22 money
1165 2123 100 23 allotted

727 2163 39 22 for
784 2163 133 28 recruiting
936 2169 56 22 may
1011 2166 42 19 not
1073 2162 29 23 be
1121 2162 40 23 the
1181 2166 41 24 top
1243 2162 22 23 in

726 2201 40 23 the
789 2205 112 25 country,
926 2201 42 23 but
991 2208 36 16 we
1049 2201 65 23 can't
1139 2201 65 28 hope
1226 2200 39 23 for

728 2247 67 16 more
823 2246 89 22 money
939 2240 59 22 until
1027 2246 68 17 some
1122 2240 99 22 interest
1247 2239 19 23 is

728 2279 82 22 •.hown
825 2279 31 28 by
868 2279 29 22 all
913 2279 120 22 involved.

761 2324 57 23 And
844 2330 62 17 once
930 2323 42 24 the
996 2323 65 30 good
1088 2323 94 30 players
1207 2327 58 19 start

725 2363 100 29 coming
847 2367 25 18 to
895 2363 100 28 Loyola,
1020 2362 133 23 basketball
1176 2361 88 23 should

728 2406 59 19 start
798 2408 31 16 on
843 2401 40 23 the
896 2401 116 29 upgrade.

760 2447 52 23 The
830 2447 92 23 alumni
942 2446 74 23 could
1036 2446 52 23 also
1105 2445 30 24 be
1153 2446 28 23 of
1199 2450 66 25 great

729 2486 62 29 help.
806 2486 79 28 Many
898 2485 70 23 other
981 2484 97 24 schools
1092 2484 99 29 employ
1204 2484 62 23 their

727 2525 91 23 alumni
840 2528 25 19 to
884 2532 13 15 a
917 2527 66 26 great
1003 2527 81 20 extent
1105 2523 23 23 in
1149 2522 61 24 their
1230 2530 24 16 re-

727 2563 106 29 cruiting
856 2570 133 22 programs.
1014 2562 46 24 Col
1084 2561 107 30 Sabolyk
1214 2561 52 24 said

727 2603 50 22 that
801 2601 93 30 Loyola
914 2601 47 23 will
982 2601 52 24 also
1055 2601 29 23 be
1105 2601 101 29 looking
1226 2600 40 23 for

727 2640 171 24 considerable
917 2640 56 30 help
993 2640 23 23 in
1038 2639 40 24 the
1099 2639 82 24 future
1202 2639 64 23 from

728 2680 91 23 alumni
836 2679 69 23 clubs
921 2679 121 23 stationed
1058 2678 152 29 throughout
1226 2678 40 23 the

729 2721 112 26 country.

763 2763 91 24 Father
867 2763 87 23 Carter
968 2763 51 22 said
1034 2762 51 23 that
1099 2770 13 15 a
1127 2762 66 28 large
1207 2761 46 23 bud-

729 2807 38 24 get
789 2801 95 24 doesn't
906 2801 146 29 necessarily
1074 2807 70 16 mean
1168 2808 13 15 a
1203 2800 65 29 good

729 2841 131 28 recruiting
896 2847 122 22 program,
1055 2840 47 22 and
1140 2839 50 23 that
1226 2838 41 24 the

729 2886 89 22 money
839 2884 64 18 must
922 2879 29 23 be
971 2882 69 26 spent
1060 2878 90 29 wisely.
1171 2877 57 23 And
1250 2876 18 24 if

729 2919 66 22 there
816 2919 17 22 is
855 2925 31 15 no
906 2918 105 29 gigantic
1033 2917 108 23 increase
1160 2916 23 24 in
1204 2916 62 29 sight

730 2957 38 23 for
787 2957 40 23 the
847 2957 131 28 recruiting
997 2956 97 29 budget,
1114 2955 41 24 the
1175 2954 92 24 alumni

729 2996 47 22 and
801 2996 41 22 the
866 2995 117 25 students,
1008 3002 26 16 as
1059 2994 81 24 future
1165 2993 100 25 alumni,

730 3039 64 18 must
812 3034 88 23 realize
918 3034 63 23 their
999 3033 50 23 role
1069 3033 22 23 in
1110 3032 100 30 helping
1228 3032 40 23 the

732 3073 91 28 Loyola
836 3072 99 23 athletic
948 3079 122 22 program.

766 3118 96 22 Instead
883 3118 28 22 of
930 3118 82 28 sitting
1033 3117 61 23 back
1116 3117 48 23 and
1186 3116 82 29 telling

729 3157 39 23 the
791 3156 198 23 administration
1012 3156 65 23 what
1099 3155 57 29 they
1178 3154 89 25 should

730 3196 30 23 be
782 3195 82 29 giving
886 3195 40 22 the
949 3194 98 23 athletic
1071 3201 122 22 program,
1217 3194 51 22 let's

729 3241 39 16 see
786 3234 20 22 if
822 3241 13 15 a
853 3234 59 22 little
931 3240 67 16 more
1016 3237 102 24 support
1137 3239 27 16 or-

799 3272 46 23 will
859 3276 58 19 start
929 3272 81 27 things
1023 3272 106 27 moving.

1310 428 375 136 Pack
1731 428 405 160 splits
2180 433 308 155 pair
2530 430 341 132 with
2923 430 666 136 Colonels

2578 616 31 33 By
2629 616 100 27 DAVID
2751 617 145 27 LAGARDE

1302 268 216 62 Meets
1564 267 287 60 Nicholls
1897 265 182 63 State
2122 275 347 53 tomorrow

3050 618 27 23 of
3100 625 13 16 a
3136 618 128 29 day-night
3288 618 185 23 doubleheader
3496 619 95 28 against

3053 657 62 22 USL
3126 656 48 23 and
3187 656 61 23 LSU
3261 657 128 29 Saturday.

3084 701 28 23 In
3128 701 41 24 the
3185 701 48 29 day
3249 702 98 29 portion
3364 702 29 23 of
3408 701 40 24 the
3465 702 58 23 twin
3540 701 49 28 bill,

3051 740 40 23 the
3106 740 65 23 Pack
3187 741 117 28 pounded
3319 740 41 24 the
3374 740 217 30 Lafayette-based

3051 779 115 29 Bulldogs
3187 779 55 23 11-5
3261 784 25 19 at
3303 779 128 24 Audubon
3450 779 71 27 Park,
3541 779 48 24 and

3050 817 57 23 then
3132 817 90 24 shifted
3247 818 57 23 sites
3328 818 49 23 and
3401 822 140 26 opponents
3565 822 26 19 to

3050 861 55 18 turn
3131 856 41 24 the
3196 856 76 24 tables
3298 864 32 16 on
3355 857 41 23 the
3421 857 92 29 Tigers,
3539 856 51 28 2-0,

3051 900 22 18 at
3087 895 207 29 Kirsch-Rooney
3305 895 120 23 Stadium.

3083 934 22 23 A
3134 933 76 24 14-hit
3233 934 83 23 attack
3340 934 48 23 and
3413 941 69 17 some
3505 938 86 26 strong

3051 973 70 23 relief
3135 972 111 30 pitching
3260 972 32 30 by
3307 972 75 24 Mark
3397 972 128 24 Cormada
3538 979 40 17 car-

3050 1012 50 23 ried
3118 1012 41 23 the
3176 1011 98 24 Wolves
3293 1016 25 19 to
3338 1011 62 24 their
3418 1011 95 29 victory
3531 1018 59 16 over

3051 1050 68 24 USL.

3081 1095 69 30 Gary
3164 1096 71 22 Bono
3245 1095 78 30 paced
3333 1095 44 23 the
3389 1095 65 23 Pack
3465 1095 125 24 offensive

3051 1134 57 23 with
3123 1134 68 23 three
3205 1134 46 23 hits
3266 1133 72 24 while
3351 1133 141 27 Caballero,
3507 1133 83 24 Glenn

3050 1172 122 27 Balsamo,
3192 1173 101 29 Mickey
3313 1173 81 23 Evans
3414 1172 49 24 and
3482 1172 107 24 Carlock

3051 1211 47 22 had
3111 1215 49 19 two
3171 1211 69 24 each.

3084 1249 28 23 In
3132 1250 40 23 the
3192 1250 92 23 second
3305 1256 79 23 game,
3407 1249 93 30 pitcher
3521 1250 70 29 Argo

3051 1288 73 23 Meza
3144 1289 105 29 stopped
3269 1289 41 23 the
3329 1288 85 30 Tigers
3434 1295 33 16 on
3487 1288 48 29 just
3554 1287 37 24 six

3050 1326 45 24 hits
3117 1334 25 16 as
3164 1327 32 23 he
3216 1327 120 24 recorded
3358 1327 36 23 his
3417 1326 54 24 first
3491 1327 48 23 win
3562 1326 28 24 of

3050 1365 40 24 the
3112 1372 84 23 young
3217 1372 95 17 season.
3337 1366 74 23 Meza
3434 1365 92 24 fanned
3549 1369 42 20 ten

3050 1404 82 29 Tigers
3156 1404 72 23 while
3252 1405 75 29 going
3350 1405 41 23 the
3415 1404 111 24 distance
3549 1404 41 23 for

3051 1442 40 23 the
3103 1442 56 23 win.

2499 670 53 23 The
2571 670 95 28 Loyola
2685 671 133 28 Wolfpack
2838 671 55 29 split
2915 679 13 15 a
2947 671 58 23 twin

2466 708 40 23 bill
2529 708 56 23 with
2606 709 41 22 the
2668 709 113 23 Nicholls
2801 709 67 24 State
2888 709 118 24 Colonels

2465 747 156 29 Wednesday
2655 748 132 23 afternoon
2821 753 23 18 at
2878 748 126 23 Audubon

2468 786 69 25 Park,
2559 786 58 23 with
2638 786 40 23 the
2700 787 64 22 Pack
2786 787 85 30 taking
2891 787 41 24 the
2953 787 54 23 first

2465 831 78 22 game,
2561 825 50 24 2-1,
2628 825 47 22 and
2693 825 123 29 dropping
2832 826 39 23 the
2889 826 116 30 nightcap

2467 863 50 23 3-0.

2498 908 53 23 The
2570 908 65 23 Pack
2654 909 46 22 will
2720 909 74 23 travel
2814 914 26 19 to
2857 910 148 24 Thibodaux

2466 952 134 18 tomorrow
2621 952 28 19 to
2669 952 136 19 encounter
2826 948 41 24 the
2888 949 118 24 Colonels

2465 985 25 24 in
2502 994 14 15 a
2528 986 91 24 double
2632 986 91 24 header
2736 987 24 23 in
2773 987 62 23 their
2848 988 73 23 home
2935 988 68 29 park.

2466 1024 109 24 Howard
2594 1026 101 23 Maestri
2715 1026 47 23 and
2780 1026 69 29 Argo
2865 1027 74 22 Meza
2957 1027 47 23 will

2466 1063 29 23 be
2529 1063 39 24 the
2605 1064 118 29 probable
2757 1069 97 19 starters
2891 1065 39 23 for
2964 1065 40 24 the

2467 1102 105 23 Wolves.

2499 1141 52 23 The
2564 1141 55 29 split
2634 1141 104 30 brought
2752 1142 113 29 Loyola's
2879 1143 86 22 record
2979 1147 25 18 to

2465 1179 43 23 4-2
2529 1186 33 16 on
2584 1180 40 23 the
2646 1187 94 17 season.
2764 1180 112 24 Nicholls
2898 1180 66 24 State
2987 1181 18 23 is

2466 1225 55 16 now
2534 1219 41 22 4-2
2589 1218 58 24 also.

2501 1257 27 23 In
2554 1257 41 24 the
2620 1264 93 22 opener
2738 1258 75 29 Terry
2840 1258 94 23 Ursin's
2959 1258 36 23 air-

2465 1296 60 29 tight
2545 1296 97 29 hurling
2658 1296 48 23 and
2723 1296 42 24 the
2783 1297 87 29 hitting
2887 1297 28 23 of
2933 1297 58 23 Rick-

2466 1341 30 23 ey
2516 1334 134 24 Caballero
2672 1335 48 23 and
2742 1335 46 23 Vic
2810 1335 106 24 Carlock
2940 1343 50 22 pow-

2466 1373 57 23 ered
2535 1373 40 23 the
2587 1373 98 23 Wolves
2698 1378 25 18 to
2735 1374 41 23 the
2788 1374 100 29 victory.

2501 1412 74 23 Ursin
2600 1419 61 22 gave
2684 1419 33 22 up
2741 1412 43 24 but
2808 1420 47 16 one
2880 1413 125 23 unearned

2466 1458 45 16 run
2528 1451 23 23 in
2569 1451 99 29 gaining
2685 1451 36 23 his
2738 1451 54 23 first
2809 1451 95 30 victory
2920 1452 28 23 of
2965 1452 40 23 the

2467 1489 138 30 campaign.
2619 1489 132 24 Caballero
2763 1490 47 23 and
2823 1490 108 23 Carlock
2943 1490 61 23 each

2467 1528 95 30 banged
2585 1532 43 19 out
2653 1532 48 19 two
2725 1529 46 23 hits
2796 1529 22 23 in
2843 1530 98 29 leading
2964 1529 41 23 the

2468 1566 68 24 Wolf
2547 1567 131 23 offensive.

2501 1612 72 23 After
2591 1616 49 19 two
2659 1619 55 16 men
2733 1620 62 16 were
2815 1613 88 23 retired
2922 1614 23 22 in
2965 1613 40 23 the

2468 1651 61 25 first,
2546 1651 79 23 Robin
2641 1651 125 29 Maginnis
2782 1651 105 30 blooped
2903 1659 12 16 a
2930 1652 76 29 single

2465 1689 48 29 just
2531 1694 42 19 out
2591 1690 28 23 of
2636 1690 40 23 the
2694 1690 72 23 reach
2785 1690 28 23 of
2830 1690 40 23 the
2888 1690 118 23 Colonels

2468 1728 179 24 firstbaseman.
2667 1729 68 29 Jerry
2755 1729 110 23 Brechtel
2884 1729 58 23 then
2961 1729 36 23 fol-

2468 1767 79 23 lowed
2564 1767 58 23 with
2639 1767 104 23 another
2761 1768 78 22 Texas
2858 1768 98 29 leaguer
2974 1768 23 23 al-

2467 1806 89 29 lowing
2573 1806 126 29 Maginnis
2716 1810 25 19 to
2759 1813 69 16 score
2846 1806 30 24 all
2894 1806 41 24 the
2953 1814 53 22 way

2469 1845 65 23 from
2548 1845 59 23 first.

2501 1884 51 22 The
2576 1884 64 22 Pack
2662 1884 86 22 scored
2771 1883 64 24 what
2857 1891 49 16 was
2928 1888 26 19 to
2976 1884 29 24 be

2468 1922 40 24 the
2530 1923 109 29 winning
2660 1930 44 15 run
2727 1922 23 23 in
2773 1922 41 24 the
2835 1922 64 23 third
2922 1923 85 29 inning

2467 1968 32 16 on
2516 1968 13 17 a
2547 1961 91 24 double
2656 1961 30 29 by
2703 1961 140 24 Caballero,
2861 1968 13 16 a
2893 1961 112 23 sacrifice

2468 2000 48 22 and
2529 2007 14 15 a
2554 2000 96 29 ground
2661 2002 51 21 out.

2501 2038 52 23 The
2568 2039 118 22 Colonels
2702 2039 86 22 scored
2805 2039 62 22 their
2884 2039 58 28 only
2959 2045 45 16 run

2468 2077 23 23 in
2509 2077 41 23 the
2567 2077 62 23 sixth
2648 2077 85 29 inning
2750 2084 32 16 on
2799 2084 15 16 a
2831 2077 122 29 throwing
2970 2084 24 16 er-

2468 2123 39 15 ror
2528 2115 30 30 by
2579 2116 65 23 Pack
2665 2116 114 29 shorstop
2799 2116 88 23 Chuck
2910 2115 95 23 Abadie

2468 2155 48 22 and
2539 2162 12 15 a
2573 2154 89 30 couple
2685 2154 28 23 of
2736 2154 106 23 fielder's
2864 2154 106 23 choices.

2503 2193 26 22 In
2546 2193 40 23 the
2602 2193 92 23 second
2711 2200 71 22 game
2798 2193 16 23 it
2832 2200 48 16 was
2898 2200 12 16 a
2927 2193 67 23 three-

2468 2239 43 16 run
2530 2232 87 23 homer
2634 2232 30 29 by
2682 2232 119 23 Nicholls'
2819 2231 51 24 Ted
2889 2232 73 22 Duhe
2982 2232 23 22 in

2468 2270 40 24 the
2534 2271 62 22 sixth
2624 2271 85 29 inning
2734 2270 51 23 that
2812 2270 126 30 propelled
2966 2270 40 23 the

2467 2309 118 23 Colonels
2596 2316 60 16 over
2667 2309 100 29 Loyola.

2501 2348 53 23 The
2573 2348 72 23 home
2664 2355 46 16 run
2728 2354 71 17 came
2817 2347 40 24 off
2874 2348 29 23 of
2920 2351 87 20 starter

2467 2387 48 23 and
2543 2387 63 23 loser
2633 2386 70 24 Mike
2729 2386 127 23 Mazerall.
2886 2386 118 23 Mazerall

2468 2429 62 20 went
2551 2425 42 24 the
2612 2425 117 25 distance,
2750 2425 115 29 allowing
2886 2425 41 23 but
2950 2426 57 22 four

2468 2464 53 23 hits.
2538 2464 95 23 Ronnie
2648 2464 141 29 Kleinpeter
2802 2467 41 26 got
2857 2463 41 24 the
2911 2463 94 29 victory

2468 2503 39 23 for
2528 2502 40 24 the
2588 2502 117 23 Colonels
2726 2509 25 17 as
2772 2502 30 24 he
2822 2506 36 19 set
2879 2502 39 23 the
2941 2502 65 23 Pack

2468 2542 72 23 down
2553 2541 58 23 with
2622 2541 58 29 only
2693 2541 49 23 five
2754 2541 95 29 singles.

2503 2587 55 22 Last
2578 2587 117 22 weekend
2715 2586 40 23 the
2776 2586 64 23 Pack
2860 2586 97 28 opened
2976 2586 30 23 its

2467 2632 86 16 season
2572 2625 56 23 with
2648 2633 13 15 a
2679 2625 48 23 loss
2745 2629 26 19 to
2789 2625 132 23 Louisiana
2939 2625 66 23 State

2469 2664 141 28 University
2630 2670 33 16 on
2683 2664 42 22 the
2745 2663 60 23 road
2828 2663 42 23 but
2892 2663 114 23 bounced

2468 2703 62 22 back
2546 2707 27 18 to
2588 2703 56 22 take
2660 2709 13 16 a
2689 2703 120 27 Saturday
2825 2702 90 23 double
2932 2702 60 23 head-

2468 2748 27 16 er
2512 2741 65 22 from
2596 2741 40 22 the
2655 2741 140 28 University
2813 2741 28 22 of
2859 2741 134 22 Southwest-

2468 2786 43 16 ern
2523 2779 133 23 Louisiana
2667 2780 48 22 and
2728 2779 69 23 LSU.

2503 2825 27 22 In
2549 2824 108 29 Friday's
2674 2831 87 16 season
2780 2830 91 22 opener
2890 2824 39 22 for
2948 2824 58 22 both

2468 2863 89 29 squads
2577 2863 40 23 the
2634 2863 84 29 Tigers
2737 2869 70 17 came
2827 2869 68 22 away
2915 2863 56 22 with
2992 2870 14 15 a

2469 2902 43 22 2-0
2523 2902 101 28 victory.

2502 2947 52 23 The
2582 2947 101 29 Bengals
2709 2947 100 29 jumped
2836 2951 42 19 out
2904 2953 33 16 on
2963 2951 43 25 top

2469 2985 57 23 with
2544 2985 62 23 their
2623 2990 49 18 two
2689 2992 58 16 runs
2766 2985 22 23 in
2806 2985 43 23 the
2866 2984 95 24 bottom
2980 2984 28 23 of

2468 3024 40 23 the
2535 3024 92 23 second
2656 3024 78 23 frame
2762 3024 48 23 and
2839 3024 72 23 made
2938 3024 68 22 them

2470 3063 78 23 stand.

2504 3108 26 23 In
2551 3109 39 23 the
2612 3108 87 23 fateful
2720 3108 90 23 second
2832 3108 90 29 inning,
2945 3107 60 24 LSU

2470 3151 42 25 put
2536 3147 110 29 together
2669 3154 14 16 a
2706 3146 88 29 couple
2818 3146 28 23 of
2868 3145 83 27 walks,
2976 3153 32 16 an

2469 3186 86 23 infield
2573 3185 42 26 hit,
2634 3192 30 16 an
2682 3192 68 16 error
2767 3185 48 23 and
2833 3193 14 15 a
2865 3185 56 23 wild
2940 3184 67 30 pitch

2470 3228 26 20 to
2519 3231 70 16 score
2613 3224 41 23 the
2677 3223 58 29 only
2759 3227 50 20 two
2832 3230 58 17 runs
2915 3223 28 23 of
2966 3223 42 24 the

2470 3270 77 23 game.

2504 3308 102 24 Maestri
2635 3307 120 24 absorbed
2783 3308 41 23 the
2852 3308 56 25 loss,
2937 3307 71 24 while

2469 3347 41 23 the
2536 3347 47 23 win
2611 3350 62 20 went
2700 3351 26 19 to
2750 3347 73 29 Tiger
2849 3346 158 30 righthander

2472 3386 64 23 Dick
2548 3385 84 23 Hicks.

2503 3431 53 23 The
2592 3431 131 28 Wolfpack
2761 3430 143 24 rebounded
2941 3430 67 23 from

2470 3470 63 22 their
2551 3469 109 29 opening
2678 3469 49 23 loss
2746 3472 26 20 to
2792 3469 57 23 take
2868 3468 59 24 both
2948 3467 60 24 ends

1311 1759 128 30 WHO'S
1461 1759 90 30 GOT
1574 1759 83 29 THE
1679 1758 143 29 BALL?:
1844 1757 166 38 Wolfpack
2032 1757 116 29 second
2168 1756 150 30 baseman
2339 1756 86 39 Gary

1309 1803 89 29 Bono
1418 1802 85 37 leaps
1523 1801 91 29 home
1634 1800 73 30 with
1728 1800 50 30 the
1797 1800 68 29 first
1883 1808 58 22 run
1962 1799 110 38 during
2092 1799 51 30 the
2164 1799 79 30 sixth
2264 1799 108 38 inning
2392 1799 34 30 of

1309 1844 151 37 Saturday
1475 1843 111 38 night's
1600 1851 89 29 game
1704 1842 120 38 against
1839 1841 50 30 the
1904 1841 107 39 Tigers
2027 1841 80 29 from
2123 1841 87 30 LSU.
2228 1842 90 29 Bono
2334 1841 91 38 again

1309 1886 52 30 did
1377 1886 50 30 the
1443 1886 123 37 scoring
1582 1885 114 29 honors
1714 1885 29 28 in
1760 1884 51 29 the
1827 1884 104 38 eighth
1950 1884 107 38 inning
2073 1892 33 21 as
2124 1884 50 29 the
2192 1884 83 29 Pack
2293 1884 131 29 downed

1309 1929 49 29 the
1375 1928 108 36 Tigers
1499 1927 53 30 2-0
1568 1931 32 26 at
1617 1926 255 38 Kirsch-Rooney
1888 1926 87 37 park.

1404 2030 252 97 Men's
1700 2030 327 95 baseball
2073 2062 262 82 opens;

1382 2157 268 112 boxing
1695 2174 121 76 set
1858 2156 122 94 for
2022 2154 331 115 Monday

1343 2322 81 24 Men's
1452 2322 143 23 intramural
1622 2321 106 23 baseball
1756 2321 89 23 started

1311 2362 53 29 play
1384 2361 46 23 this
1450 2360 67 23 week
1536 2360 59 23 with
1614 2366 83 23 games
1717 2360 128 28 Thursday

1311 2399 74 30 night.
1419 2399 53 23 The
1499 2399 85 23 results
1610 2399 28 23 of
1663 2398 67 23 these
1755 2405 91 22 games,

1311 2438 120 27 however,
1457 2445 63 16 were
1546 2442 43 18 not
1614 2437 120 23 available
1758 2440 24 20 at
1806 2437 41 23 the

1311 2477 57 23 time
1382 2477 27 23 of
1424 2476 46 24 this
1485 2476 102 29 writing.

1342 2515 52 23 The
1413 2515 85 29 league
1518 2518 78 25 sports
1616 2521 13 16 a
1649 2521 52 16 new
1722 2514 56 23 look
1799 2514 46 23 this

1311 2561 63 22 year,
1402 2554 90 28 having
1518 2553 59 23 slow
1605 2552 109 30 pitching
1740 2552 40 23 for
1805 2551 41 25 the

1311 2592 53 23 first
1380 2592 65 23 time.

1345 2631 19 22 It
1381 2637 49 16 was
1447 2630 53 23 also
1516 2630 67 23 ruled
1601 2630 50 23 that
1668 2629 68 24 there
1752 2629 47 23 will
1817 2629 29 23 be

1311 2676 31 16 no
1368 2669 102 29 bunting
1496 2669 101 23 allowed
1623 2668 105 24 because
1753 2668 29 23 of
1805 2668 41 23 the

1312 2708 137 28 slow-pitch
1463 2707 86 29 ruling.

1346 2747 68 22 Mike
1432 2747 75 23 Read,
1524 2746 121 29 president
1662 2745 27 23 of
1705 2745 39 23 the
1761 2744 85 25 board,

1311 2785 51 23 said
1390 2785 40 23 the
1456 2791 53 16 new
1536 2784 52 23 rule
1613 2783 48 24 will
1689 2783 92 23 benefit
1806 2783 42 24 the

1311 2824 84 28 league
1412 2824 48 22 and
1479 2823 72 23 make
1567 2823 41 23 the
1625 2829 82 23 games
1727 2829 67 16 more
1812 2822 24 23 in-

1311 2862 113 28 teresting
1451 2862 65 23 from
1542 2861 41 24 the
1608 2860 142 30 spectators'
1776 2860 58 23 view-

1312 2901 74 28 point.

1343 2940 54 22 The
1428 2943 48 19 two
1507 2943 42 25 top
1579 2942 78 20 teams
1690 2937 65 23 from
1786 2937 61 23 each

1312 2979 85 27 league
1412 2978 46 23 will
1475 2984 32 22 go
1522 2977 51 23 into
1588 2977 41 23 the
1644 2975 107 31 playoffs
1768 2979 23 19 at
1807 2975 41 23 the

1311 3017 47 23 end
1380 3017 28 22 of
1430 3016 38 23 the
1491 3023 86 16 season
1601 3019 26 19 to
1649 3014 134 24 determine
1806 3014 41 24 the

1312 3055 90 23 overall
1415 3055 141 29 champion.

1409 3109 115 35 Boxing
1549 3108 204 28 Tournament

1346 3153 134 29 Weigh-ins
1513 3152 39 24 for
1584 3152 142 23 intramural
1759 3151 89 30 boxing

1311 3192 47 24 will
1380 3192 28 23 be
1430 3191 55 24 held
1506 3192 74 28 today
1602 3195 23 19 at
1650 3191 70 22 12:15
1743 3197 57 23 p.m.
1823 3190 24 23 in

1313 3231 40 24 the
1373 3230 142 24 intramural
1536 3229 85 24 office.
1642 3229 53 24 The
1716 3228 52 24 first
1789 3228 59 23 bout

1312 3270 46 23 will
1377 3269 29 24 be
1424 3269 111 27 Monday
1554 3268 66 28 night
1639 3272 23 19 at
1680 3268 15 22 7
1714 3274 57 22 p.m.
1790 3267 58 23 with

1889 2321 40 23 the
1948 2321 71 23 finals
2037 2321 84 28 taking
2138 2321 70 28 place
2225 2321 113 29 Tuesday
2357 2322 67 28 night

1889 2359 132 29 beginning
2032 2362 23 20 at
2068 2359 65 23 7:30.

1922 2405 53 23 The
1998 2405 86 28 weight
2107 2405 88 22 classes
2217 2405 41 23 for
2279 2405 46 23 this
2348 2405 78 29 year's

1889 2447 70 19 event
1976 2450 43 16 are
2036 2450 24 16 as
2079 2443 104 23 follows:
2206 2443 47 24 120
2270 2444 49 23 and
2338 2444 86 27 under;

1893 2482 116 26 121-130;
2051 2482 115 27 131-140;
2209 2482 117 27 141-145;
2369 2482 57 24 He-

1893 2521 55 25 ISO;
1990 2521 115 27 151-155;
2149 2521 116 27 156-160;
2308 2521 118 27 161-170;

1892 2559 116 26 171-180;
2036 2559 116 28 181-190;
2175 2560 49 23 and
2247 2559 176 31 heavyweight.

1926 2605 73 23 Bouts
2015 2605 45 22 will
2076 2605 91 23 consist
2181 2605 28 23 of
2222 2605 69 24 three
2304 2606 107 23 one-min-

1889 2647 41 20 ute
1952 2644 97 22 rounds.
2076 2644 121 24 16-ounce
2219 2644 83 30 gloves
2324 2644 47 23 will
2395 2644 30 24 be

1891 2682 66 23 used.

1895 2787 253 58 Netters
2197 2786 151 61 take

1889 2868 280 76 opening
2208 2868 215 61 match

1924 2953 52 23 The
2006 2953 93 29 Loyola
2127 2953 79 24 tennis
2236 2957 64 20 team
2330 2954 97 30 opened

1891 2992 61 22 their
1975 2999 87 16 season
2086 2999 32 17 on
2143 3000 14 15 a
2182 2993 107 29 winning
2313 2997 58 20 note
2394 2993 32 30 by

1891 3031 115 29 downing
2029 3031 42 23 the
2094 3031 111 23 Nicholls
2228 3031 67 24 State
2317 3032 111 23 colonels

1891 3069 41 22 6-3
1945 3069 155 30 Wednesday
2111 3073 24 20 at
2146 3070 57 29 City
2216 3070 70 23 Park.

1925 3114 99 30 George
2052 3115 145 27 Palmer,
2225 3116 73 29 Jorge
2325 3116 102 26 Toledo,

1890 3153 72 24 Chris
1977 3154 65 23 Love
2056 3154 48 23 and
2117 3154 48 23 Jim
2180 3154 102 29 Bindley
2295 3162 55 15 won
2364 3154 62 23 their

1891 3192 87 30 singles
2003 3192 116 26 matches,
2144 3193 71 23 while
2237 3193 40 24 the
2300 3197 77 19 teams
2400 3193 29 23 of

1890 3231 204 23 Toledo-Palmer
2113 3232 48 23 and
2182 3232 158 29 Bindley-Joe
2360 3232 51 29 Dug-

1892 3277 47 22 gan
1965 3270 87 29 picked
2079 3277 32 22 up
2138 3270 111 24 victories
2275 3271 24 22 in
2326 3270 102 24 doubles

1891 3309 169 29 competition.

1927 3355 79 28 Kerry
2022 3355 54 22 Arlt
2092 3355 47 22 and
2157 3355 44 22 Bill
2220 3354 145 29 McSweeny
2381 3355 48 22 lost

1892 3394 62 22 their
1970 3394 87 28 singles
2075 3393 108 23 matches
2201 3393 39 23 for
2257 3393 100 28 Loyola.
2375 3393 53 23 The

1893 3432 56 23 lone
1966 3432 65 22 Pack
2048 3432 47 22 loss
2112 3432 26 23 in
2154 3432 40 22 the
2210 3432 103 22 doubles
2331 3438 49 16 was
2397 3432 32 28 by

1893 3471 40 22 the
1945 3475 64 18 team
2021 3470 29 23 of
2061 3471 145 27 Love-Greg
2217 3471 92 22 Sterck.

1674 184 100 26 THE
1819 184 229 26 MAROON

3160 187 123 31 Friday,
3307 188 108 27 March
3442 188 45 30 15,
3514 188 75 27 1968

132 196 154 28 6

172 3786 136 22 MACHINES
437 3764 232 59 {/V£§Zf^fa

172 3907 176 24 TYPEWRITERS
454 3888 177 54 *S=SJSsgdy

172 3954 342 26 SOLD—RENTED—REPAIRED

261 4018 137 22 CRESCENT
416 4015 164 22 TYPEWRITER

232 4067 153 22 EXCHANGE
406 4065 53 21 INC.
481 4065 41 20 Est.
547 4063 63 21 1894

260 4145 29 21 JA
300 4143 76 22 5-3741
464 4142 29 20 JA
505 4140 76 22 5-6472

311 4185 38 21 401
364 4184 28 22 St.
404 4184 85 22 Charles
502 4181 27 25 St.

303 4227 48 20 New
362 4226 88 20 Orleans
464 4224 31 24 12,
508 4224 31 20 Lα.

231 4801 385 49 HEDGEWOOD

326 4867 197 47 HOTEL

172 4940 98 26 Heart
286 4939 34 26 of
333 4939 54 25 the
402 4936 124 27 Garden
544 4935 125 27 District

172 4990 91 27 Lovely
282 4988 83 28 Single
383 4987 50 23 and
452 4985 97 23 Double
569 4986 101 24 Rooms,

173 5025 96 22 Private
285 5023 82 24 Baths,
389 5022 142 23 Television,
550 5020 107 23 Air-Con-

172 5059 128 26 ditioning,
327 5058 82 22 Steam
436 5056 72 25 Heat,
535 5054 138 24 Furnished

174 5094 166 28 Apartments,
356 5091 51 24 and
421 5092 121 26 Of/street
558 5089 112 28 Parking.

233 5148 78 22 QUIET
331 5148 62 20 AND
412 5145 200 22 COMFORTABLE

259 5189 66 22 2427
337 5189 30 21 St.
380 5187 96 22 Charles
487 5188 99 20 Avenue

349 5224 42 20 TW
403 5223 92 21 5-1894

231 5259 62 21 MRS.
314 5259 27 21 G.
362 5258 24 21 C.
406 5258 99 23 WATTS,
525 5257 90 21 Owner

1003 3374 56 28 WE
1083 3372 162 30 SUGGEST
1267 3372 64 28 THE
1357 3371 217 28 FOLLOWING

854 3416 157 62 RCA
1055 3414 307 63 VICTOR
1404 3410 325 63 ALBUMS

990 3497 69 29 FOR
1083 3497 101 29 YOUR
1210 3495 183 30 LISTENING
1420 3493 170 30 PLEASURE

818 3600 101 34 HIRT
936 3598 136 35 PLAYS
1094 3596 113 35 BERT
1216 3562 8 67 1
1360 3566 5 71 I
1387 3614 79 30 HUGO
1475 3612 276 31 MONTENEGRO^

990 3637 21 22 K
1016 3634 190 24 AEMPFERT

1388 3692 34 28 OF
1434 3692 129 28 DOLLARS
1582 3690 19 27 4
1615 3690 62 32 XOR
1689 3691 17 25 A
1718 3690 61 26 FEW

931 3719 41 50 J
993 3719 57 50 P|
1387 3731 127 29 DOLLARS
1525 3730 176 34 MORETvrt
1721 3730 56 28 THE

1387 3771 84 33 GOOD,
1480 3770 56 27 THE
1548 3769 56 28 BAD
1624 3775 49 32 'V
1707 3769 60 28 AND

1573 3803 204 51 dmWJ^^

1385 3881 56 15 mm
1566 3871 24 26 I

950 3933 16 12 ■
1014 3930 6 12 I
1384 3935 44 14 nouns
1433 3935 28 14 w

801 4014 29 23 Al
843 4013 70 32 plays
923 4021 13 16 a
947 4013 103 24 musical
1061 4013 88 24 tribute
1158 4012 57 25 with
1367 4012 59 23 This
1447 4012 85 23 album
1553 4011 110 24 features
1683 4012 100 23 Monte-

801 4049 170 27 Wonderland
984 4050 32 29 by
1130 4050 85 31 Magic
1367 4047 97 35 negro't
1483 4049 33 24 hit
1534 4049 78 30 single
1630 4047 49 26 For
1694 4057 14 15 a
1727 4050 57 22 lew

800 4088 139 30 Trumpet,
960 4087 60 25 Red
1038 4088 86 23 Roses
1141 4088 44 27 for
1201 4095 14 16 a
1369 4085 115 24 Dollars
1499 4086 93 26 More,
1608 4086 63 31 plus
1685 4085 99 24 March

798 4126 69 23 nine
888 4125 89 29 Lady,
1000 4124 88 29 Lady,
1108 4124 106 25 others.
1368 4122 58 27 with
1435 4122 85 33 Hope,
1529 4123 69 26 Aces
1605 4121 78 32 High,
1690 4122 94 27 others.

797 4162 178 32 Dynagroove.
1366 4161 177 30 Dynagroove.

982 4196 233 32 LPM/LSP-3917
1549 4197 234 27 LPM/LSP-3927

799 4289 445 65 PS?WHHI
1370 4299 57 42 ED
1448 4297 128 43 AMES
1645 4284 34 4 ~

1369 4350 66 21 sings
1652 4352 49 19 m

829 4357 58 56 J
912 4363 36 50 I
972 4406 18 17 #
996 4357 4 78 .
1007 4357 176 78 MpSH
1369 4377 103 44 who
1635 4368 50 60 4

829 4411 147 59 lL
1368 4428 117 43 WILL

1367 4478 229 45 ANSWER?
1613 4462 84 75 J!
1720 4462 51 60 1

1174 4531 24 28 ,*,
1370 4532 46 21 and
1568 4523 138 30 aal
1740 4523 47 30 A

1195 4560 9 10 v
1206 4559 27 22 '.
1238 4550 4 31 ;
1369 4558 79 21 OTHER
1458 4558 72 21 SONGS
1568 4550 39 30 V

802 4574 168 49 jflUlikkmA
1030 4594 44 29 ■
1188 4574 55 49 tP!
1370 4584 28 20 of
1407 4583 46 20 our
1464 4583 58 20 time
1574 4574 47 29 ■

804 4773 112 25 Musical
938 4780 131 25 messages
1090 4773 29 24 in'
1137 4772 41 26 the
1199 4772 37 25 al-
1352 4765 56 26 The
1418 4772 78 24 songs
1503 4765 27 25 of
1540 4773 47 17 our
1597 4765 75 25 times
1681 4764 100 26 headed

802 4819 70 25 ways
896 4810 50 26 fine
970 4811 86 26 Glenn
1082 4811 154 32 Yarbrough
1353 4805 35 32 by
1407 4803 68 26 Ed's
1494 4803 40 26 hit
1554 4802 69 26 Who
1643 4803 64 25 Will
1724 4804 39 24 An-

803 4851 72 32 style,
901 4850 132 33 including
1054 4850 68 24 Face
1145 4851 26 23 in
1194 4849 43 26 the
1353 4841 81 28 swer?
1450 4841 65 25 Also
1530 4841 117 26 featured
1663 4850 42 17 are
1728 4842 55 25 Yes-

802 4889 106 31 Crowd,
928 4890 88 24 Times
1033 4889 78 25 Gone
1128 4889 38 31 By
1185 4889 51 25 and
1353 4880 106 31 terday,
1480 4879 120 26 Cherish
1619 4880 55 26 and
1696 4888 85 18 more,

804 4935 79 18 more.
896 4929 184 30 Dynagroove.
1352 4919 184 33 Dynagroove.

993 4967 239 30 LPM/LSP-3951
1542 4957 236 30 LPM/LSP-3961

878 5043 259 63 Smith's
1187 5040 239 64 Record
1474 5039 238 63 Center

1071 5129 94 26 NOW
1181 5129 94 26 TWO
1289 5126 225 29 LOCATIONS

1068 5194 81 25 2019
1160 5192 55 27 ST.
1229 5191 180 27 CHARLES
1423 5190 91 27 AVE.

1078 5236 77 23 1420
1173 5233 209 26 VETERANS
1401 5232 106 27 HWY.

2164 3622 308 132 This

2181 4664 655 135 identifies

2182 4843 226 130 the
2455 4836 515 134 world's
3027 4836 288 131 best

2184 5016 320 128 beer
2552 5009 667 132 drinkers!

2415 5226 346 28 ANHEUSER-BUSCH,
2777 5225 69 26 INC.
2864 5236 9 13 .
2893 5225 47 26 ST.
2956 5224 105 26 LOUIS

3130 1553 255 98 WHERE

3179 1668 167 96 WILL
3363 1668 143 96 YOU

3142 1780 84 98 BE
3248 1780 76 96 IN

3172 1891 127 97 THE
3316 1891 223 99 705...

3115 2072 54 23 Can
3182 2079 50 20 you
3245 2073 96 27 project
3354 2072 111 27 yourself
3477 2073 52 22 into

3115 2104 42 22 the
3166 2104 99 23 future?
3275 2105 76 22 What
3360 2104 49 22 will
3419 2105 43 22 the

3114 2134 85 28 bring?
3212 2135 76 22 What
3300 2135 85 23 awaits
3399 2143 29 14 us
3440 2136 26 21 in
3478 2135 50 22 this

3114 2167 124 27 changing
3247 2167 77 22 world
3335 2167 26 22 of
3370 2167 42 22 the
3422 2166 98 23 future?

3114 2218 24 23 If
3145 2219 98 26 serving
3251 2218 55 23 God
3314 2219 51 22 and
3373 2227 60 14 man
3441 2219 21 22 is
3471 2221 57 25 part

3114 2250 26 22 of
3148 2257 64 20 your
3221 2250 138 28 projection
3368 2250 39 22 for
3417 2258 63 20 your
3489 2250 25 22 fu-

3114 2283 61 25 ture,
3193 2289 50 20 you
3259 2283 80 25 might
3355 2282 114 23 consider
3484 2283 44 22 the

3114 2313 96 23 Paulist
3222 2314 79 22 order.
3315 2314 108 22 Paulists
3435 2314 50 22 will
3497 2314 31 22 be

3114 2352 15 14 a
3139 2344 60 23 vital
3211 2347 57 24 part
3279 2344 26 23 of
3315 2345 42 22 the
3368 2345 57 22 '70's
3436 2345 52 26 just
3499 2353 28 15 as

3114 2376 60 26 they
3182 2383 64 16 were
3254 2383 15 16 a
3279 2379 58 24 part
3345 2377 26 22 of
3380 2377 43 22 the
3432 2377 95 22 '60'5...

3114 2407 50 22 and
3177 2408 42 22 the
3233 2407 94 27 '50'5...
3333 2408 52 23 and
3398 2416 74 18 every
3484 2416 44 14 era

3113 2439 68 22 since
3193 2439 59 27 they
3265 2447 64 15 were
3341 2439 111 23 founded
3465 2439 62 23 back

3113 2471 26 22 in
3152 2471 65 22 1858.

3113 2522 55 23 The
3178 2523 107 22 Paulists
3296 2530 42 15 are
3347 2530 58 15 men
3414 2523 26 22 of
3450 2523 76 27 today

3114 2554 185 27 ...preparing
3315 2554 42 22 for
3373 2556 153 21 tomorrow.

3112 2585 76 27 They
3203 2587 71 21 meet
3289 2587 46 21 the
3349 2587 82 22 needs
3446 2586 29 23 of
3489 2587 37 22 all

3112 2616 83 23 God's
3212 2617 97 27 people
3325 2617 28 22 in
3370 2625 81 19 every
3467 2625 58 19 age.

3113 2648 109 23 Paulists
3234 2656 43 15 are
3289 2648 51 23 free
3353 2649 65 22 from
3429 2649 44 23 the
3483 2649 32 23 sti-

3113 2680 69 27 fling
3191 2680 152 23 formalism
3352 2681 28 22 of
3389 2681 137 22 centuries

3112 2713 57 25 past
3177 2712 50 22 and
3235 2712 60 26 they
3302 2719 44 15 are
3353 2713 71 26 given
3433 2713 43 22 the
3483 2719 28 21 op-

3113 2743 129 27 portunity
3252 2746 25 20 to
3285 2744 104 27 develop
3398 2744 65 22 their
3471 2752 55 14 own

3111 2775 139 27 God-given
3271 2775 97 22 talents.
3390 2775 72 27 They
3483 2783 42 14 are

3112 2807 52 22 also
3176 2806 53 23 free
3241 2808 25 21 to
3278 2813 44 16 use
3334 2809 191 25 contemporary

3112 2837 133 23 mediums
3258 2838 54 22 and
3325 2838 160 26 techniques
3499 2841 28 19 to

3111 2869 101 22 achieve
3221 2869 65 22 their
3296 2870 73 26 goals.
3380 2869 126 23 Communi-

3111 2902 102 25 cations,
3237 2902 38 22 for
3291 2902 124 26 instance,
3430 2902 22 22 is
3466 2908 44 21 syn-

3112 2940 121 19 onymous
3246 2933 61 22 with
3320 2933 116 23 Paulists.

3111 2985 23 22 If
3145 2992 49 20 you
3206 2992 41 15 see
3258 2984 111 28 yourself
3379 2993 28 14 as
3419 2992 15 15 a
3446 2985 77 27 priest

3110 3016 26 23 of
3154 3017 43 22 the
3215 3017 91 25 future,
3325 3017 111 22 discover
3455 3023 68 16 more

3110 3047 76 23 about
3195 3048 42 22 the
3246 3048 115 22 Paulists.
3372 3048 67 22 Send
3448 3048 75 26 today

3111 3078 39 23 for
3162 3086 16 15 a
3190 3079 92 27 special
3296 3078 114 28 aptitude
3423 3081 48 20 test
3483 3078 27 23 de-

3111 3110 86 27 signed
3205 3112 26 21 to
3238 3111 58 27 help
3304 3111 137 22 determine
3450 3110 20 23 if
3475 3117 50 20 you

3112 3150 43 14 are
3166 3142 25 22 of
3202 3142 104 27 priestly
3317 3142 100 23 caliber.

3112 3190 79 23 Write
3200 3193 35 20 to:

3129 3237 121 23 National
3259 3236 135 23 Vocations
3403 3236 115 22 Director

3106 3280 198 51 PAULIST
3323 3277 215 55 FATHERS

3169 3348 80 22 Room

3171 3383 45 21 415
3228 3382 69 22 West
3308 3382 58 22 59th
3378 3382 83 22 Street

3169 3418 61 20 New
3241 3417 75 21 York,
3326 3417 31 21 N.
3365 3416 28 22 Y.
3402 3417 74 21 10019
