3709 5377
720 1983 2283 393 LOYOLA

704 2376 2309 84 MAROON

721 2493 67 26 Vol.
803 2493 94 26 XLIV

1326 2491 113 31 Loyola
1453 2491 184 31 University,
1652 2490 75 26 New
1740 2490 142 31 Orleans,
1896 2490 61 31 La.,
1974 2490 122 32 Friday,
2112 2490 108 26 March
2239 2491 45 31 15,
2302 2492 77 25 1968

2887 2493 54 25 No.
2963 2493 36 25 19

348 491 757 158 Thirty-six
1171 488 681 135 students
1918 493 428 154 given
2422 486 341 161 high
2839 486 540 134 honors

29 381 17 30 i
141 350 179 72 Blue,
364 351 305 62 Cardinal
712 351 133 71 Key

173 678 99 24 Twelve
293 678 93 30 Loyola
407 679 75 23 coeds
503 686 64 16 were
589 678 90 24 named

139 716 46 23 this
200 716 67 23 week
278 721 29 19 to
320 717 167 30 membership
499 718 24 23 in
538 718 40 23 the
591 716 74 24 Cardi-

139 755 40 23 nal
195 755 55 29 Key
265 755 117 24 National
400 757 88 23 Honor
502 756 119 29 Sorority,
637 762 28 17 an-

139 794 114 23 nounced
274 794 71 29 Lynn
367 795 34 23 M.
426 794 156 31 Fitzpatrick,
604 793 63 30 presi-

139 832 58 23 dent
209 832 28 23 of
249 833 40 23 the
300 834 177 29 organization.

173 871 52 24 The
249 871 88 24 formal
362 872 121 24 initiation
507 872 28 23 of
557 871 42 23 the
621 870 57 30 girls

138 909 48 23 will
207 909 29 24 be
256 910 56 23 held
333 911 89 23 March
443 911 27 23 21
494 914 24 20 at
539 911 14 22 7
574 916 58 23 p.m.
655 909 23 23 in

139 955 82 16 rooms
240 949 40 22 2D
298 950 48 23 and
366 950 17 22 E
401 949 29 23 of
447 949 41 24 the
506 949 91 23 Danna
614 948 49 23 Cen-

139 991 42 19 ter.

173 1026 170 30 Membership
372 1027 24 23 in
427 1025 117 25 Cardinal
576 1024 54 30 Key
660 1024 18 24 is

138 1064 146 24 considered
301 1069 26 19 to
345 1065 30 24 be
393 1065 41 24 the
452 1064 95 30 highest
566 1063 81 23 honor
665 1071 14 16 a

139 1103 94 28 Loyola
245 1104 61 23 coed
317 1111 47 16 can
377 1104 102 23 receive.

172 1148 52 24 The
249 1148 29 24 12
302 1156 54 16 new
378 1148 122 23 members
524 1154 48 17 are:
598 1148 79 24 Marie

137 1187 144 24 Antoinette
314 1187 166 25 Armbruster,
514 1186 74 30 Mary
619 1187 57 23 Ann

139 1225 118 27 Batinich,
283 1227 73 28 Mary
380 1225 59 24 Beth
465 1225 128 26 Favaloro,
616 1226 60 23 Jane

137 1265 74 29 Mary
227 1265 123 25 Gisevius,
367 1265 73 28 Mary
457 1264 92 23 Leonie
565 1264 96 23 Hender-

137 1310 53 18 son,
207 1303 66 24 Elsie
289 1303 72 23 Anne
379 1302 110 30 Higgins,
507 1303 74 29 Mary
600 1303 65 24 Eliza-

137 1341 57 24 beth
221 1342 91 25 Nolan,
340 1341 104 23 Patricia
472 1341 81 25 Eileen
581 1342 95 26 Peltier,

136 1380 61 24 Jane
213 1380 107 24 Therese
338 1380 79 29 Ryan,
435 1380 94 30 Shirley
547 1381 72 29 Hope
636 1381 28 24 Se-

136 1419 61 25 well,
215 1419 74 29 Mary
304 1419 133 24 Catherine
453 1420 157 29 Springstead
627 1420 49 23 and

138 1457 100 23 Martha
251 1457 88 24 Louise
352 1458 100 23 Vietter.

171 1496 170 30 Membership
372 1497 23 23 in
425 1497 117 23 Cardinal
573 1497 54 29 Key
658 1496 18 23 is

136 1534 75 24 based
230 1542 32 16 on
281 1535 161 30 scholarship,
463 1535 145 29 leadership,
628 1542 37 16 ser-

136 1573 54 24 vice
207 1574 49 23 and
275 1574 135 23 character.
430 1574 53 24 The
501 1574 106 29 sorority
626 1581 50 15 was

136 1611 111 24 founded
273 1620 33 16 on
333 1612 40 24 the
401 1612 93 30 Loyola
521 1619 103 23 campus
653 1612 22 23 in

140 1650 70 24 1952.

171 1690 62 22 Miss
248 1689 159 23 Armbruster
423 1689 18 23 is
457 1697 14 15 a
486 1689 80 23 senior
583 1689 23 23 in
623 1695 36 16 mu-

135 1728 33 22 sic
185 1728 84 23 school
287 1728 48 23 and
353 1735 48 16 was
419 1728 107 29 recently
543 1727 89 24 named
650 1731 26 19 to

135 1766 99 23 "Who's
250 1766 65 23 Who
328 1767 102 29 Among
444 1766 115 24 Students
575 1766 24 22 in
615 1766 41 22 Am-

135 1805 81 23 erican
232 1805 113 29 Colleges
362 1805 49 23 and
627 1804 48 24 She

135 1843 19 24 is
177 1843 52 24 also
252 1844 123 29 president
398 1844 29 23 of
448 1843 43 24 Phi
516 1844 58 22 Beta
598 1843 78 23 music

135 1882 105 30 sorority
256 1882 48 23 and
321 1882 18 23 is
355 1889 32 16 on
405 1882 39 23 the
461 1881 84 24 dean's
562 1880 46 24 list.

169 1920 74 29 Mary
266 1920 56 23 Ann
349 1920 111 23 Batinich
484 1919 18 23 is
527 1927 13 15 a
564 1919 110 24 business

134 1958 196 24 administration
366 1958 89 29 junior,
491 1962 121 19 treasurer
648 1958 27 23 of

134 1996 77 24 Theta
233 1997 41 23 Phi
296 1997 81 29 Alpha
397 1996 75 24 social
493 1997 111 29 sorority,
626 1997 47 23 and

134 2043 13 16 a
164 2035 110 23 member
290 2035 28 23 of
335 2035 110 23 Lambda
462 2035 82 30 Sigma
562 2035 111 24 Lambda

134 2074 92 24 service
245 2074 105 29 sorority
371 2074 48 23 and
438 2074 41 23 the
499 2074 102 23 Student
621 2074 36 23 Un-

134 2112 50 24 ion.

168 2151 63 23 Miss
248 2151 122 23 Favaloro
385 2151 18 23 is
420 2159 13 15 a
447 2151 83 29 junior
546 2151 22 23 in
584 2151 75 23 educa-

133 2190 58 24 tion,
218 2190 185 29 newly-elected
430 2190 123 29 president
578 2190 29 23 of
631 2190 41 23 Tri

134 2228 83 30 Sigma
232 2229 47 23 and
296 2237 14 15 a
327 2228 110 24 member
452 2228 29 23 of
496 2228 110 23 Lambda
622 2228 39 30 Sig-

135 2274 40 17 ma
197 2267 110 23 Lambda
330 2267 48 23 and
401 2267 40 23 the
465 2267 123 22 Women's
612 2267 46 23 Pan-

135 2306 98 22 hellinic
245 2306 114 22 Council.

169 2345 21 22 A
212 2344 82 23 senior
314 2344 24 23 in
360 2344 53 26 law.
434 2344 62 23 Miss
517 2344 115 22 Gisevius
654 2344 18 22 is

135 2383 52 23 also
199 2387 123 24 secretary
334 2383 29 22 of
376 2383 40 22 the
429 2383 32 22 St.
476 2383 109 22 Thomas
599 2383 72 22 More

135 2421 57 23 Law
207 2421 72 26 Club,
297 2421 48 23 and
361 2429 13 15 a
390 2421 110 23 member
516 2421 27 23 of
558 2421 41 23 the
615 2421 57 23 Law

135 2460 98 23 Review
251 2460 48 23 and
315 2460 41 23 the
373 2460 103 23 Student
494 2460 47 22 Bar
558 2458 101 24 Associa-

134 2499 59 22 tion.

169 2537 62 23 Miss
245 2537 154 24 Henderson,
412 2544 13 16 a
437 2536 81 29 junior
532 2537 21 22 in
567 2535 103 23 medical

134 2576 155 28 technology,
317 2575 19 23 is
364 2574 186 30 vice-president
577 2574 28 23 of
632 2573 40 24 the

134 2614 82 29 Alpha
240 2614 71 23 Delta
334 2614 78 23 Theta
436 2612 103 24 medical
563 2611 96 25 technol-

134 2659 47 22 ogy
201 2652 100 29 society,
322 2659 14 16 a
357 2651 110 24 member
488 2651 27 23 of
535 2651 41 23 the
597 2650 61 23 medi-

133 2691 37 23 cal
207 2691 148 29 technology
389 2690 82 23 honor
505 2690 92 28 society
624 2689 47 23 and

134 2733 120 20 treasurer
276 2730 28 22 of
325 2729 42 24 the
388 2728 124 23 Women's
538 2728 133 23 Residence

134 2768 113 23 Council.

168 2807 62 23 Miss
246 2806 103 29 Higgins
367 2806 16 22 is
400 2813 14 15 a
428 2805 82 29 junior
527 2805 22 22 in
565 2804 92 23 elemen-

134 2848 53 26 tary
201 2844 139 25 education,
357 2847 121 25 secretary
493 2842 28 23 of
535 2842 76 23 Theta
628 2841 42 23 Phi

134 2883 82 29 Alpha
240 2882 73 23 social
338 2882 111 29 sorority,
474 2889 14 15 a
512 2880 109 24 member
644 2880 28 23 of

134 2922 40 23 the
196 2922 89 29 Kappa
308 2921 72 23 Delta
402 2920 43 23 Phi
469 2920 123 27 honorary
613 2918 44 23 edu-

133 2961 82 23 cation
240 2960 66 25 club,
330 2959 40 23 the
394 2958 130 23 Wolfettes
549 2957 48 23 and
622 2964 49 15 was

133 3006 32 17 on
186 2999 41 23 the
248 2998 124 23 freshman
394 2996 144 24 sweetheart
558 3000 78 18 court.

168 3037 62 24 Miss
247 3036 90 26 Nolan,
355 3035 76 23 visual
449 3038 47 20 arts
513 3034 157 29 sophomore,

134 3076 18 23 is
173 3074 188 31 vice-president
381 3074 28 23 of
430 3073 42 23 Phi
494 3073 43 22 Phi
559 3073 43 22 Phi
624 3072 46 23 and

135 3114 18 24 is
165 3121 32 16 on
210 3114 41 23 the
262 3113 83 23 dean's
356 3112 46 23 list.

168 3152 63 24 Miss
258 3151 95 27 Peltier,
380 3159 14 15 a
421 3150 109 23 business
556 3149 102 23 adminis-

134 3191 89 24 tration
241 3190 88 26 senior,
347 3190 20 23 is
383 3188 194 29 corresponding
595 3194 65 16 secre-

135 3233 52 26 tary
201 3229 28 23 of
244 3229 89 29 Kappa
348 3228 57 23 Beta
421 3228 110 22 Gamma
544 3226 48 23 and
606 3232 52 23 pres-

135 3268 66 23 ident
216 3267 28 23 of
258 3267 42 23 the
314 3266 116 24 National
446 3265 136 29 Collegiate
598 3265 60 22 Asso-

135 3306 90 24 ciation
238 3305 28 23 of
277 3305 152 23 Secretaries.

169 3345 62 23 Miss
249 3344 70 29 Ryan
336 3344 20 22 is
372 3351 12 15 a
402 3343 149 29 sophomore
568 3341 25 23 in
610 3340 47 24 Ger-

135 3391 65 18 man,
221 3391 13 15 a
254 3382 110 23 member
382 3382 29 22 of
427 3381 41 23 Tri
488 3380 90 30 Sigma,
599 3378 62 30 presi-

134 3422 57 23 dent
206 3421 28 23 of
246 3421 42 23 the
301 3420 104 23 Russian
418 3419 72 25 Club,
505 3418 48 24 and
567 3426 14 15 a
597 3424 57 16 mem-

135 3460 43 24 ber
193 3460 28 23 of
238 3460 40 23 the
294 3459 125 23 Women's
437 3457 135 24 Residence
589 3456 68 23 Coun-

135 3499 39 24 cil.

170 3537 62 24 Miss
251 3536 85 23 Sewell
357 3536 17 22 is
394 3542 31 16 an
444 3534 151 28 elementary
615 3532 45 23 edu-

135 3576 82 23 cation
236 3575 81 29 junior
337 3573 48 24 and
405 3573 20 23 is
444 3576 121 19 treasurer
585 3570 28 23 of
632 3570 41 23 the

136 3614 139 23 Education
301 3612 65 24 club,
394 3611 47 24 and
469 3619 13 14 a
510 3609 110 24 member
647 3609 27 22 of

136 3653 44 23 Phi
193 3653 44 22 Phi
250 3651 51 24 Phi.

170 3691 62 23 Miss
250 3689 156 30 Springstead
425 3687 18 23 is
461 3695 14 15 a
492 3686 81 24 senior
591 3684 81 24 dental

135 3730 104 29 hygiene
276 3728 105 25 student,
420 3724 187 30 vice-president
647 3722 27 24 of

135 3769 79 22 Theta
239 3768 44 23 Phi
306 3766 90 30 Alpha,
422 3773 13 15 a
460 3764 92 23 former
576 3762 98 23 student

135 3806 98 24 council
259 3804 189 31 representative
475 3802 47 24 and
549 3802 43 22 has
617 3807 55 16 won

136 3845 41 23 the
201 3844 143 30 exemplary
369 3842 82 25 award
477 3841 22 23 in
526 3839 81 24 dental
632 3838 29 30 hy-

136 3885 77 28 giene.

172 3921 62 24 Miss
249 3920 79 23 Vitter
343 3920 18 23 is
376 3927 13 16 a
405 3918 79 24 senior
499 3918 24 23 in
538 3915 136 28 secondary

137 3959 141 25 education,
293 3966 13 15 a
320 3958 110 23 member
444 3957 28 23 of
484 3956 76 23 Theta
576 3954 44 23 Phi
633 3952 28 24 Al-

137 3999 56 29 pha,
210 3997 48 24 and
275 3997 89 28 Kappa
381 3996 73 23 Delta
472 3995 50 26 Phi,
539 4001 24 16 as
580 3992 52 24 well
650 3999 25 16 as

137 4036 42 23 the
190 4035 103 24 Student
306 4034 92 23 Union.

2501 674 174 30 Twenty-four
2708 673 64 24 male
2804 672 111 24 students
2947 672 63 23 have

2467 719 60 23 been
2549 720 94 23 elected
2665 723 26 19 to
2713 718 167 29 membership
2901 718 24 23 in
2951 718 58 23 Blue

2468 765 54 28 Key
2543 765 116 22 National
2681 765 89 22 Honor
2790 763 146 30 Fraternity.
2957 763 53 23 The

2467 809 89 24 formal
2587 810 103 29 tapping
2718 809 153 24 ceremonies
2901 809 48 22 will
2980 809 30 23 be

2467 855 56 23 held
2539 855 101 29 Sunday
2651 855 75 30 night,
2738 855 89 23 March
2842 855 37 26 17,
2890 859 24 19 at
2924 854 15 23 7
2951 861 57 23 p.m.

2468 901 23 23 in
2516 901 40 23 the
2581 901 22 22 A
2629 901 23 23 la
2675 901 74 23 Carte
2774 901 85 29 dining
2885 907 71 16 room
2982 900 28 23 of

2470 947 89 22 Danna
2570 946 99 23 Center.

2502 998 171 29 Membership
2693 999 23 22 in
2739 999 57 22 Blue
2819 999 54 29 Key
2894 999 18 23 is
2934 998 73 23 based

2468 1044 66 22 upon
2555 1037 141 24 excellence
2717 1037 23 23 in
2762 1037 145 29 leadership,
2929 1037 67 23 schol-

2466 1076 82 30 arship
2570 1076 49 23 and
2642 1076 91 23 service
2755 1080 25 19 to
2802 1076 40 23 the
2865 1076 141 29 university.

2502 1121 62 24 New
2578 1121 123 24 members
2715 1122 148 23 announced
2878 1121 46 24 this
2939 1122 68 23 week

2467 1160 31 30 by
2515 1161 74 22 Louis
2605 1161 96 29 Meyer,
2719 1160 131 30 president,
2868 1167 48 16 are:
2936 1161 72 22 Rich-

2467 1268 110 23 Pictures
2590 1270 28 26 of
2631 1268 40 23 the
2684 1268 112 23 students
2810 1273 25 18 to
2849 1267 30 24 be
2893 1268 117 23 inducted

2467 1311 53 22 into
2531 1311 61 23 Blue
2605 1311 54 27 Key
2672 1317 47 17 can
2730 1310 30 24 be
2769 1311 82 27 found
2864 1318 32 15 on
2909 1318 62 21 page
2985 1312 23 22 4.

2465 1415 43 23 ard
2531 1415 72 29 Kelly
2625 1415 75 25 Akin,
2724 1416 109 22 Bernard
2855 1416 83 22 James
2961 1417 30 22 Ar-

2465 1454 89 29 ghiere,
2576 1454 109 23 Bernard
2704 1454 65 23 John
2789 1455 95 28 Bagert,
2903 1454 104 23 Charles

2465 1493 104 28 Bradley
2599 1493 65 25 Bice,
2694 1493 72 23 Allen
2796 1493 90 29 Joseph
2918 1494 88 23 Borne,

2465 1531 103 24 Charles
2591 1532 35 23 M.
2653 1532 81 25 Brent,
2760 1532 91 23 Robert
2874 1532 20 23 J.
2920 1532 86 26 Burns,

2465 1570 113 23 Fletcher
2608 1571 124 24 Cochran,
2765 1571 109 22 Michael
2907 1571 99 28 George

2465 1609 82 26 Crow,
2561 1610 83 22 James
2660 1610 27 22 R.
2705 1610 103 26 Dumas,
2824 1610 93 22 Robert
2933 1610 73 22 Louis

2465 1648 110 28 Dupont,
2591 1648 65 23 John
2673 1648 80 23 Ferrel
2769 1648 122 29 Guillory,
2909 1648 96 23 Patrick

2465 1687 98 28 Hymel,
2583 1687 97 22 Ronald
2697 1687 91 29 Joseph
2807 1687 71 28 Jung,
2897 1687 109 23 Michael

2464 1726 29 22 A.
2512 1726 161 25 McConnell,
2692 1726 107 22 Richard
2818 1726 70 24 Ness,
2907 1726 99 29 George

2464 1764 122 23 Malcolm
2624 1764 97 29 Papale,
2760 1764 108 23 Michael
2906 1764 100 29 Owings

2465 1803 75 25 Read,
2559 1803 116 22 Kenneth
2695 1803 87 29 Lowry
2800 1803 113 26 Sanders,
2933 1803 59 23 Alex-

2464 1842 77 23 ander
2555 1842 65 23 John
2637 1842 118 26 Tiliakos,
2770 1842 65 22 John
2853 1842 72 22 Elliot
2944 1842 47 23 Uns-

2464 1881 77 23 worth
2555 1881 42 25 Jr.,
2613 1880 59 23 Paul
2686 1880 91 29 Joseph
2792 1881 111 24 Walters,
2920 1881 85 28 Henry

3053 673 99 28 George
3167 673 80 23 White
3263 673 48 22 and
3327 672 108 28 Stephen
3453 671 25 23 F.
3495 671 30 23 X.
3541 671 42 24 Zie-

3054 717 65 17 man.

3088 757 170 30 Membership
3283 758 22 22 in
3332 757 61 23 Blue
3418 756 54 29 Key
3496 756 18 22 is
3538 762 44 23 gen-

3053 795 75 29 erally
3144 796 144 23 considered
3305 800 23 19 at
3347 795 95 30 Loyola
3457 800 27 18 to
3501 794 28 24 be
3546 801 48 16 one

3053 834 28 23 of
3098 834 41 24 the
3157 834 92 30 highest
3269 835 92 23 honors
3380 842 14 16 a
3412 834 65 23 male
3496 833 99 24 student

3053 880 45 16 can
3112 873 101 23 receive.

3089 918 107 24 Richard
3215 919 71 29 Kelly
3303 918 85 26 Atkin,
3407 927 14 15 a
3439 918 83 24 dental
3541 925 41 16 sen-

3052 957 44 26 ior,
3115 957 18 23 is
3150 957 122 30 president
3291 958 27 22 of
3334 957 40 24 the
3391 957 88 23 Junior
3496 957 82 23 Ameri-

3052 1003 46 17 can
3121 996 90 23 Dental
3234 996 96 29 Society
3352 996 49 23 and
3423 999 122 20 treasurer
3567 995 28 24 of

3053 1035 72 23 Delta
3148 1035 82 29 Sigma
3254 1035 71 23 Delta
3349 1035 81 23 dental
3456 1035 136 29 fraternity.

3053 1074 39 23 He
3110 1074 18 23 is
3145 1074 53 23 aJso
3215 1081 14 16 a
3247 1074 110 23 member
3374 1074 27 22 of
3419 1073 82 30 Alpha
3521 1073 73 24 Delta

3052 1113 110 23 Gamma
3175 1112 73 23 social
3263 1112 134 29 fraternity.

3087 1158 109 23 Bernard
3219 1158 82 23 James
3323 1157 128 29 Arghiere,
3475 1158 42 22 BA
3539 1157 42 29 jun-

3050 1197 44 26 ior,
3113 1197 18 22 is
3149 1196 124 29 president
3291 1196 27 23 of
3336 1197 51 24 BA,
3406 1203 12 16 a
3438 1196 110 23 member
3565 1196 29 23 of

3051 1236 82 28 Alpha
3151 1236 85 28 Sigma
3253 1235 42 23 Nu
3313 1235 125 29 honorary
3456 1235 137 29 fraternity,

3052 1275 104 28 Beggars
3175 1274 74 23 social
3270 1274 128 28 fraternity
3417 1275 47 22 and
3484 1274 18 23 is
3522 1274 70 23 listed

3053 1313 21 22 in
3088 1313 99 22 "Who's

3086 1358 108 23 Bernard
3219 1358 64 22 John
3311 1358 94 29 Bagert.
3432 1358 44 23 law
3502 1358 89 26 senior,

3050 1397 20 23 is
3087 1405 14 15 a
3120 1397 111 23 member
3249 1397 28 23 of
3296 1397 40 23 the
3355 1397 103 22 Student
3477 1396 114 27 Council,

3052 1435 32 23 St.
3099 1435 109 23 Thomas
3226 1435 72 24 More
3314 1435 59 23 Law
3388 1435 65 23 Club
3469 1435 48 23 and
3533 1435 61 23 staff

3053 1474 109 23 member
3176 1473 27 23 of
3218 1474 40 23 the
3272 1473 76 28 Legal
3362 1474 60 27 Rag.
3439 1473 39 23 He
3493 1473 19 23 is
3527 1480 52 23 pres-

3049 1512 66 29 ently
3134 1513 121 29 president
3274 1513 28 23 of
3320 1513 58 22 Law
3396 1512 89 23 School
3506 1513 47 23 and
3572 1513 19 22 is

3052 1557 12 19 a
3082 1551 109 23 member
3207 1551 28 23 of
3250 1551 82 29 Sigma
3349 1551 83 29 Alpha
3449 1551 90 29 Kappa
3555 1558 26 16 so-

3051 1590 45 22 cial
3110 1590 135 29 fraternity.

3085 1635 102 24 Charles
3215 1635 103 29 Bradley
3347 1635 64 25 Bice,
3438 1635 82 23 senior
3546 1635 46 24 law

3049 1674 106 25 student,
3174 1674 17 23 is
3209 1674 79 23 editor
3305 1674 28 23 of
3350 1674 40 23 the
3407 1674 58 23 Law
3483 1675 106 25 Review,

3051 1721 13 15 a
3081 1712 111 24 member
3208 1713 28 23 of
3252 1713 41 23 the
3309 1713 219 29 Student-Faculty
3546 1713 31 23 Re-

3050 1752 87 22 lations
3165 1752 151 23 Committee
3345 1752 47 23 and
3420 1752 19 23 is
3468 1752 69 23 listed
3567 1752 23 23 in

3051 1790 99 23 'Who's

3086 1836 57 23 Law
3164 1836 81 23 senior
3265 1836 72 23 Allen
3358 1836 92 30 Joseph
3472 1836 79 23 Borne
3572 1836 19 23 is

3049 1882 14 16 a
3079 1874 110 23 member
3203 1875 29 23 of
3246 1875 40 23 the
3301 1874 103 24 Student
3419 1874 105 24 Council
3541 1874 49 24 and

3051 1913 33 23 St.
3100 1913 110 23 Thomas
3229 1913 71 24 More
3318 1913 59 24 Law
3392 1913 73 23 Club.
3484 1914 39 23 He
3539 1913 52 24 also

3049 1952 87 29 helped
3171 1953 115 28 organize
3321 1952 113 29 Loyola's
3468 1952 123 29 wrestling

3050 1990 64 24 club.

3082 2036 104 23 Charles
3215 2037 36 22 M.
3283 2037 80 25 Brent,
3394 2037 77 22 music
3500 2037 75 28 sopho-

3051 2081 75 19 more,
3146 2075 18 22 is
3183 2075 112 23 assistant
3314 2079 67 25 stage
3401 2075 66 23 band
3485 2075 107 23 director

3048 2114 48 22 and
3117 2120 116 22 arranger
3252 2114 47 22 and
3321 2114 53 22 also
3392 2114 136 29 composed
3549 2114 40 23 the

3050 2153 77 22 music
3148 2153 88 28 played
3258 2157 23 18 at
3301 2153 41 22 the
3362 2153 57 22 Jazz
3440 2153 105 22 Festival
3566 2153 25 23 in

3048 2191 96 23 Mobile
3162 2191 79 22 which
3261 2191 92 29 Loyola
3372 2198 62 16 won.
3456 2192 72 22 Brent
3547 2192 43 23 has

3047 2230 52 22 also
3119 2230 87 28 played
3227 2230 57 22 with
3304 2230 41 23 the
3365 2230 108 29 Tommy
3493 2231 96 28 Dorsey

3046 2269 134 22 orchestra.

3082 2313 92 23 Robert
3200 2314 20 22 J.
3250 2314 85 26 Burns,
3364 2314 47 23 law
3435 2314 90 29 junior,
3553 2321 24 17 re-

3046 2352 85 23 ceived
3150 2352 40 23 the
3209 2352 92 23 Dean's
3318 2353 83 23 award
3420 2353 40 22 for
3478 2352 40 24 the
3538 2353 39 23 ath-

3048 2390 47 23 lete
3111 2390 58 23 with
3186 2390 40 24 the
3241 2390 95 30 highest
3353 2397 106 23 average
3475 2391 24 23 in
3519 2391 70 27 1966,

3046 2429 47 23 and
3119 2436 48 16 was
3191 2437 13 15 a
3229 2429 111 23 member
3363 2430 27 22 of
3413 2430 42 23 the
3479 2430 107 24 baseball

3048 2472 64 18 team
3128 2468 48 23 and
3191 2468 98 29 captain
3305 2468 40 23 for
3358 2473 50 18 two
3423 2475 76 23 years.
3515 2469 39 23 He
3569 2468 19 24 is

719 1796 223 29 CARDINAL
961 1797 101 28 KEY:
1084 1795 142 38 (sitting)
1250 1795 77 30 Jane
1345 1795 102 37 Ryan,
1466 1794 81 30 Toni

719 1837 206 36 Armbruster,
942 1838 93 38 Mary
1050 1838 74 29 Ann
1138 1836 156 36 Batinich,
1309 1836 112 30 Tootie
1435 1836 111 35 Vitter,

719 1880 89 38 Mary
835 1880 113 35 Nolan,
976 1880 92 38 Hope
1094 1880 117 29 Sewell.
1244 1879 179 38 (standing)
1454 1879 93 37 Mary

2189 1764 65 17 Photo
2267 1764 26 19 by
2308 1764 28 16 Ed
2351 1764 67 16 Curda

1589 1794 77 30 Beth
1695 1795 163 35 Favaloro,
1885 1795 93 37 Mary
2004 1794 196 35 Henderson,
2228 1793 93 30 Anne
2348 1793 55 38 Hig-

1587 1836 78 39 gins,
1694 1836 104 39 Kathy
1825 1836 209 39 Springstead,
2066 1837 78 29 Jane
2172 1836 155 34 Gisevius,
2359 1836 62 29 and

1589 1880 56 28 Pat
1662 1879 118 30 Peltier.

802 2694 518 98 Students
1389 2703 413 108 protest
1870 2691 457 98 decision
2395 2691 163 96 for
2627 2691 149 98 SC
2847 2692 413 100 leaders

877 2862 31 32 By
929 2862 35 24 ED
985 2861 111 26 CURDA

718 2573 242 46 Elections
1005 2571 304 48 Committee
1352 2570 171 46 denies
1567 2571 214 56 petition

748 2913 51 22 The
840 2912 101 22 Student
982 2910 107 24 Council
1131 2909 124 23 Elections

715 2951 149 23 Committee
888 2949 90 30 upheld
1002 2949 115 28 Tuesday
1137 2948 30 23 its
1190 2948 53 23 deci-

715 2990 52 22 sion
786 2989 72 23 made
876 2989 44 23 last
939 2987 67 24 week
1024 2987 52 24 that
1095 2994 34 16 no
1145 2986 110 30 primary

715 3028 104 23 election
836 3034 49 16 was
901 3026 106 30 possible
1024 3026 40 23 for
1078 3025 43 24 the
1135 3025 121 30 positions

715 3067 27 23 of
768 3066 96 23 council
891 3065 123 30 president
1040 3064 50 23 and
1116 3063 128 30 vice-presi-

715 3105 65 25 dent,
797 3104 49 23 and
863 3104 51 23 that
930 3103 41 23 the
988 3102 52 23 sole
1055 3102 143 23 candidates
1217 3101 39 23 for

715 3143 59 24 each
799 3142 79 23 office
902 3141 89 23 should
1018 3141 30 23 be
1073 3140 114 24 declared
1214 3140 41 23 the

716 3182 99 22 winner.

748 3219 91 29 Acting
862 3219 24 23 in
909 3226 14 16 a
946 3218 100 29 judicial
1069 3217 120 30 capacity,
1213 3217 41 23 the

715 3258 142 23 committee
877 3256 147 24 announced
1044 3256 29 23 its
1092 3256 81 28 ruling
1192 3255 64 23 after

715 3304 31 16 an
770 3296 94 23 official
889 3299 91 25 protest
1006 3294 48 23 had
1079 3294 61 23 been
1165 3294 89 29 lodged

715 3342 59 17 over
790 3334 40 23 the
848 3333 89 24 March
955 3334 13 22 5
986 3333 118 23 decision.

748 3373 52 23 The
817 3373 34 22 six
869 3372 110 22 students
997 3371 57 23 who
1070 3371 124 29 protested
1212 3371 29 22 ob-

715 3412 77 29 jected
816 3415 26 19 to
863 3410 39 23 the
924 3410 163 23 committee's
1110 3409 81 23 action
1215 3409 28 23 de-

715 3450 93 29 claring
820 3449 64 23 Tom
898 3449 82 22 White
994 3449 48 22 and
1058 3448 70 23 Mike
1142 3448 94 23 McCon-

717 3489 54 26 nell,
789 3488 64 23 A&S
869 3487 101 28 juniors,
989 3487 40 23 the
1047 3487 105 22 winners
1171 3486 27 23 of
1215 3486 41 23 the

716 3527 97 24 council
833 3526 145 30 presidency
998 3526 48 22 and
1068 3525 175 29 vice-presiden-

715 3573 31 22 cy
767 3572 31 16 on
823 3564 40 23 the
886 3564 108 29 grounds
1018 3564 52 23 that
1092 3564 18 23 it

717 3604 158 30 precedence,
905 3602 41 23 the
974 3603 107 22 Statutes
1112 3602 28 23 of
1169 3602 73 23 Proce-

716 3642 61 23 dure
793 3642 49 22 and
858 3641 39 23 the
913 3640 169 24 Constitution
1100 3640 29 23 of
1143 3640 41 23 the
1201 3640 42 24 Stu-

715 3681 58 23 dent
961 3679 48 23 and
1037 3678 53 23 that
1120 3679 17 22 it
1166 3678 89 24 denied

787 3719 98 22 student
899 3721 26 19 to
940 3720 51 20 cast
1007 3716 36 24 his
1058 3720 57 20 vote
1130 3716 42 23 for
1184 3717 72 23 those

715 3758 116 25 officials,
853 3757 77 23 either
951 3755 31 30 by
1004 3754 85 30 voting
1111 3754 40 24 for
1172 3755 70 23 candi-

717 3796 67 23 dates
808 3795 122 29 officially
952 3801 33 16 on
1008 3793 42 23 the
1073 3793 76 23 ballot
1173 3800 27 16 or
1224 3793 32 29 by

716 3834 96 29 writing
828 3834 24 23 in
869 3841 15 16 a
899 3832 130 24 candidate
1046 3831 28 23 of
1090 3831 38 23 his

752 3873 58 23 Five
827 3872 29 24 of
874 3872 39 23 the
931 3871 36 23 six
985 3870 91 30 signers
1094 3869 29 24 of
1140 3869 42 25 the
1200 3877 42 22 pro-

716 3915 53 22 test,
797 3911 72 23 Dave
897 3911 98 28 Denny,
1023 3908 72 24 Steve
1123 3908 131 26 Martinez,

717 3950 82 23 Glenn
821 3949 146 29 Nackoney,
990 3948 55 22 Ron
1067 3946 118 29 Petitjean
1207 3947 49 23 and

716 3989 64 23 Tom
802 3988 88 23 Struve
913 3990 49 20 met
986 3985 57 24 with
1067 3984 41 25 the
1131 3984 124 24 Elections

717 4026 151 24 Committee
882 4025 120 28 Saturday
1017 4023 130 24 afternoon
1163 4027 26 19 to
1203 4030 40 22 pre-

1297 2864 53 19 sent
1366 2860 61 23 their
1443 2863 142 26 arguments
1603 2859 93 29 against
1713 2858 40 24 the
1769 2865 52 16 com-

1299 2898 102 24 mittee's
1429 2898 109 23 decision
1567 2898 48 23 and
1644 2902 26 18 to
1697 2897 73 23 allow
1797 2896 41 24 the

1296 2937 142 23 committee
1460 2944 30 16 an
1512 2936 161 30 opportunity
1693 2940 26 19 to
1739 2935 98 29 explain

1299 2976 28 23 its
1340 2975 89 24 action.

1331 3021 52 23 The
1416 3020 49 24 five
1498 3020 110 23 students
1641 3019 105 30 brought
1780 3019 58 23 with

1299 3060 66 23 them
1383 3067 13 16 a
1414 3059 101 30 petition
1534 3058 58 24 with
1609 3058 50 23 259
1676 3057 99 24 student
1792 3057 36 30 sig-

1298 3102 97 20 natures
1425 3101 25 20 to
1478 3098 69 23 show
1575 3101 103 25 support
1708 3096 39 23 for
1775 3096 64 23 their

1298 3143 80 17 cause.
1398 3136 130 25 However,
1547 3136 41 23 the
1606 3135 103 30 petition
1728 3142 50 16 was
1796 3139 44 18 not

1297 3175 122 29 officially
1438 3174 133 24 submitted
1592 3178 25 19 to
1636 3173 41 24 the
1695 3173 144 23 committee

1299 3214 105 23 because
1420 3221 14 16 a
1450 3213 59 23 time
1526 3212 62 24 limit
1604 3212 28 23 of
1648 3212 32 23 72
1697 3211 76 24 hours
1790 3211 49 23 had

1299 3253 83 29 lapsed
1394 3256 24 19 at
1431 3252 12 23 5
1458 3259 57 22 p.m.
1531 3251 95 29 Friday.

1332 3298 52 23 The
1410 3297 119 24 students'
1554 3299 144 27 protest
1724 3295 115 24 centered

1299 3336 95 23 around
1405 3340 51 19 two
1468 3336 67 23 main
1547 3339 149 26 arguments:

1337 3389 18 21 1.
1376 3388 52 23 The
1453 3388 104 22 Student
1581 3387 106 23 Council
1713 3386 114 24 Constitu-

1298 3427 50 23 tion
1366 3426 114 30 provides
1495 3426 51 23 that
1562 3426 42 23 the
1755 3425 28 23 of
1797 3425 42 23 the

1299 3465 123 29 president
1448 3465 48 23 and
1521 3464 190 29 vice-president
1736 3463 39 28 (of
1798 3463 42 23 the

1297 3504 104 23 Student
1421 3503 118 28 Council)
1563 3502 3 29 .
1592 3502 4 29 .
1620 3502 4 29 .
1648 3502 48 23 will
1719 3502 28 23 be
1771 3502 31 29 by
1824 3509 15 16 a

1300 3547 56 18 vote
1367 3542 28 22 of
1406 3542 40 22 the
1458 3542 78 22 entire

1333 3595 22 22 2.
1375 3594 113 23 Write-in
1507 3593 88 24 ballots
1614 3599 63 17 were
1697 3592 142 30 acceptable

1298 3633 24 23 in
1353 3632 115 30 previous
1499 3631 124 24 elections.
1657 3631 182 26 Furthermore,

1299 3671 40 24 the
1362 3671 106 23 Statutes
1493 3671 28 22 of
1546 3670 139 23 Procedure
1710 3669 129 30 implicitly

1299 3710 84 23 allows
1401 3709 39 23 for
1458 3709 105 23 write-in
1581 3708 88 24 ballots
1688 3708 24 23 in
1731 3708 109 29 primary

1297 3748 125 24 elections:
1499 3755 13 16 a
1530 3747 98 24 student
1647 3747 29 23 be
1695 3746 144 23 nominated

1300 3786 38 23 for
1354 3794 29 16 an
1400 3786 79 23 office
1493 3785 90 30 during
1598 3786 39 23 the
1653 3785 111 29 primary
1777 3785 52 22 elec-

1298 3825 59 27 tion,
1377 3824 93 29 though
1489 3824 37 23 his
1544 3831 73 17 name
1637 3828 41 18 not
1697 3824 31 22 be
1747 3830 32 16 on
1798 3823 41 23 the

1299 3863 93 23 ballot.
1405 3880 6 7 .

1333 3909 73 28 Mary
1433 3908 74 26 Fiser,
1533 3907 144 24 committee
1702 3907 136 26 chairman,

1299 3946 129 30 explained
1454 3951 26 18 to
1504 3946 42 23 the
1570 3945 136 31 protesting
1730 3945 110 24 students

1298 3985 51 23 that
1371 3985 42 23 the
1434 3985 109 23 decision
1565 3984 121 24 stemmed
1710 3984 66 23 from
1798 3984 41 23 the

1299 4023 199 29 unprecedented
1521 4023 116 23 situation
1661 4023 28 22 of
1712 4023 58 28 only
1792 4029 48 16 one

1882 2865 88 22 person
1989 2857 71 30 filing
2078 2858 39 23 for
2136 2857 40 24 the
2193 2857 90 23 offices
2301 2857 28 23 of
2347 2857 63 29 presi-

1881 2896 59 23 dent
1958 2896 48 23 and
2022 2895 197 30 vice-president.

1999 2940 106 24 Council
2121 2940 165 27 Constiution,
2304 2940 41 23 the
2360 2940 50 23 Stat-

1882 2983 51 18 utes
1951 2979 27 22 of
1996 2978 137 23 Precedure
2149 2979 49 22 and
2216 2978 112 24 Roberts'
2347 2978 74 23 Rules

1880 3017 28 22 of
1922 3017 80 23 Order
2016 3017 49 23 had
2080 3024 34 16 no
2128 3017 125 29 provision
2270 3017 39 23 for
2325 3017 40 23 the
2380 3017 30 23 sit-

2013 3056 43 23 she
2078 3056 60 26 said,
2250 3060 25 18 at
2298 3056 62 26 first,
2384 3062 37 16 we

1884 3094 55 28 (the
1955 3094 155 28 committee)
2130 3094 77 23 didn't
2225 3094 72 22 know
2314 3094 64 23 what
2396 3098 24 19 to

1882 3133 39 22 do.
1939 3133 23 22 If
1977 3139 37 17 we
2030 3139 63 16 were
2110 3137 26 18 to
2152 3139 31 22 go
2199 3133 80 22 ahead
2296 3133 48 22 and
2361 3132 59 23 hold

1881 3178 30 16 an
1935 3171 113 25 election,
2071 3172 17 22 it
2113 3172 81 22 would
2217 3171 148 29 technically
2390 3171 29 23 be

1882 3210 94 22 neither
1993 3218 13 14 a
2022 3210 109 29 primary
2148 3216 45 16 nor
2209 3217 15 15 a
2241 3209 103 23 run-off.
2363 3210 57 22 And

1881 3255 65 16 none
1965 3249 28 22 of
2011 3255 27 16 us
2058 3249 64 22 liked
2143 3249 40 22 the
2204 3249 53 22 idea
2276 3248 28 23 of
2323 3248 97 29 putting

1882 3291 42 19 out
1938 3294 13 16 a
1963 3287 74 23 ballot
2049 3287 58 23 with
2119 3287 58 28 only
2188 3293 49 17 one
2249 3293 71 17 name
2332 3293 34 17 on

2137 3332 37 16 we
2198 3332 62 16 were
2286 3325 77 23 under
2386 3332 34 16 no

1883 3371 111 23 pressure
2010 3364 122 23 whatever
2148 3367 26 20 to
2190 3364 52 23 rule
2258 3370 48 17 one
2323 3370 54 22 way
2393 3370 28 17 or

2029 3402 43 23 she
2102 3402 60 23 said.
2281 3409 47 16 one
2359 3408 61 17 even

1882 3441 60 23 tried
1962 3444 26 20 to
2006 3440 43 24 file
2067 3440 48 24 late
2133 3440 90 30 during
2242 3440 39 24 the
2301 3444 41 20 ten
2361 3440 60 29 days

1883 3480 108 23 between
2006 3480 42 23 the
2061 3479 65 23 close
2141 3479 29 23 of
2184 3479 69 29 filing
2267 3479 48 23 and
2331 3479 89 23 March

1883 3519 13 22 5
1918 3518 71 23 when
2010 3525 36 16 we
2066 3518 115 29 reported
2201 3524 47 16 our
2266 3517 109 23 decision
2397 3520 26 20 to

1883 3557 39 23 the
1941 3557 106 23 council.
2066 3556 79 24 There
2165 3563 49 16 was
2232 3563 34 16 no
2284 3559 92 26 protest
2394 3562 28 16 or

1883 3594 141 30 opposition
2039 3594 29 23 of
2082 3601 49 23 any
2146 3594 59 23 kind
2222 3594 59 23 until
2298 3594 64 23 after
2377 3601 46 15 our

1883 3633 108 23 decision
2004 3640 49 16 was

1918 3678 61 24 Miss
1997 3679 67 23 Fiser
2078 3679 53 23 said
2148 3678 51 24 that
2214 3685 48 16 one
2279 3685 87 16 reason
2383 3678 39 23 for

1883 3717 39 23 the
1944 3717 110 23 decision
2077 3724 49 16 was
2148 3716 51 24 that
2300 3716 123 23 Elections

1883 3755 149 23 Committee
2049 3762 58 22 may
2124 3755 155 29 supplement
2297 3755 46 23 this
2360 3754 62 23 code

1883 3793 57 24 with
1957 3793 41 24 the
2016 3794 118 29 approval
2151 3794 28 22 of
2195 3793 41 23 the
2253 3793 125 23 President
2394 3793 28 23 of

1883 3831 40 23 the
1938 3831 101 24 Student
2056 3832 69 29 Body
2140 3831 23 23 in
2178 3831 73 24 order
2264 3834 26 20 to
2304 3831 117 23 facilitate

1882 3869 40 24 the
1941 3869 174 30 performance
2133 3869 28 23 of
2179 3870 41 24 the
2237 3870 117 23 elections
2373 3869 40 24 list-

1883 3908 28 23 ed
1926 3908 23 23 in
1961 3908 48 23 this

1983 3953 62 24 view
2068 3953 28 24 of
2119 3953 67 24 these
2208 3957 50 20 two
2281 3953 76 26 bases,
2380 3953 42 23 the

1882 3992 55 23 lack
1956 3992 27 23 of
2002 3993 98 22 student
2120 3993 98 22 interest
2238 3992 23 23 in
2284 3992 76 29 filing,
2380 3992 40 23 the

1883 4031 168 23 needlessness
2064 4031 28 24 of
2104 4038 14 16 a
2130 4031 107 29 primary
2251 4030 47 23 and
2312 4030 41 23 the
2366 4037 42 22 pro-

1883 4069 79 24 vision
1989 4070 25 23 in
2042 4069 40 24 the
2109 4069 160 23 constitution
2295 4068 52 24 that
2373 4072 49 20 two

1882 4107 144 24 candidates
2044 4115 41 16 are
2104 4108 112 29 required
2236 4107 39 23 for
2293 4115 14 15 a
2324 4106 98 24 run-off

2033 4146 61 24 Miss
2115 4146 67 24 Fiser
2200 4146 59 26 said,
2354 4152 51 16 com-

1883 4185 83 23 mittee
1994 4185 69 23 ruled
2090 4188 26 19 to
2142 4184 97 23 declare
2264 4184 82 23 White
2373 4183 48 23 and

2463 2857 151 24 McConnell
2637 2858 39 24 the
2699 2858 103 23 winners
2824 2859 27 23 of
2872 2859 63 23 their
2956 2867 36 16 res-

2464 2896 95 29 pective
2576 2896 97 23 offices.
2693 2896 58 24 This
2769 2904 49 16 was
2836 2897 41 23 the
2894 2898 110 23 decision

2465 2941 36 17 we
2517 2935 113 29 reported
2648 2939 25 20 to
2689 2935 40 25 the
2745 2936 96 23 council
2861 2936 88 23 March

2498 2986 106 24 Council
2626 2987 126 24 President
2771 2987 63 24 Tom
2855 2988 95 29 Wright
2971 2988 24 23 in-

2465 3025 115 29 terjected
2601 3025 51 24 that
2673 3026 40 24 the
2733 3026 162 24 committee's
2916 3026 89 24 March

2465 3063 13 22 5
2500 3063 109 23 decision
2632 3071 49 16 was
2702 3064 24 22 in
2747 3064 40 24 the
2809 3065 112 29 capacity
2944 3065 27 23 of
2993 3072 12 16 a

2463 3101 133 30 legislative
2631 3102 66 30 body
2730 3103 200 30 supplementing
2964 3104 40 23 the

2463 3140 105 23 election
2590 3141 71 25 code,
2686 3141 48 23 and
2757 3141 74 23 could
2855 3142 63 22 have
2944 3142 60 23 been

2463 3179 137 22 overruled.

2685 3231 94 29 Wright
2806 3232 88 25 added,

2465 3269 39 24 the
2523 3270 97 23 council
2640 3270 40 23 did
2700 3273 42 20 not
2761 3270 116 29 formally
2895 3277 110 22 approve

2463 3315 29 16 or
2522 3308 147 29 disapprove
2701 3308 40 24 the
2771 3309 163 23 committee's
2964 3309 28 23 de-

2464 3346 85 25 cision,
2565 3346 17 23 it
2596 3353 49 17 was
2660 3346 101 30 thereby
2776 3347 87 29 legally
2878 3348 126 28 approved

2465 3384 30 29 by

2499 3437 108 29 Petijean
2638 3437 144 29 challenged
2815 3437 40 23 the
2886 3438 118 26 decision,

2463 3475 112 29 pointing
2591 3480 26 18 to
2633 3475 64 23 what
2713 3475 30 24 he
2760 3476 94 23 termed
2872 3484 29 15 an
2920 3477 70 22 incon-

2465 3514 105 28 sistency
2583 3514 24 22 in
2618 3514 41 22 the
2670 3514 117 22 elections
2799 3514 70 23 code.

2584 3559 63 23 code
2666 3564 73 18 states
2759 3559 51 23 that
2830 3560 41 23 the
2890 3560 113 23 'election

2464 3598 28 23 of
2516 3598 41 23 the
2582 3597 125 24 President
2731 3598 47 23 and
2805 3597 199 25 Vice-President

2464 3637 46 22 will
2528 3637 28 23 be
2572 3636 30 29 by
2618 3644 14 15 a
2646 3641 56 18 vote
2717 3636 28 23 of
2759 3636 41 24 the
2814 3636 76 24 entire
2907 3637 83 22 univer-

2556 3674 30 24 he
2599 3675 59 26 said,
2811 3675 38 23 for
2863 3675 40 22 the
2917 3675 85 23 school

2464 3714 48 22 and
2527 3713 93 29 college
2637 3713 133 29 presidents
2787 3713 48 23 and
2851 3718 138 24 representa-

2465 3752 68 26 tives,
2553 3752 15 23 it
2589 3756 72 19 states
2681 3752 51 22 that
2752 3752 57 29 they
2828 3752 60 22 shall
2910 3752 31 23 be
2960 3753 33 23 'se-

2463 3790 94 23 lected.'
2578 3790 8 22 I
2607 3790 114 29 interpret
2741 3790 88 23 "select'
2850 3798 25 15 as
2894 3790 109 30 opening

2464 3829 40 23 the
2533 3829 134 29 possibility
2695 3829 28 22 of
2750 3829 126 29 declaring
2904 3836 14 15 a
2947 3829 56 23 lone

2463 3867 130 23 candidate
2613 3867 41 23 the
2673 3867 100 26 winner,
2794 3867 43 23 but
2858 3875 14 15 a
2892 3868 63 23 'vote
2976 3867 28 23 of

2463 3906 40 23 the
2523 3906 75 23 entire
2619 3906 140 28 university'
2780 3906 118 23 indicates
2919 3914 13 15 a
2953 3906 39 24 bal-

2465 3945 32 22 lot

2498 3990 89 29 Denny
2607 3990 80 23 added
2706 3990 51 23 that
2776 3990 68 23 there
2865 3990 18 23 is
2903 3991 68 29 quite
2990 3999 14 16 a

2463 4029 138 23 difference
2626 4028 161 24 between
2973 4029 32 30 by

2463 4067 97 23 schools
2578 4067 49 23 and
2645 4075 13 15 a
2677 4072 57 19 vote
2751 4067 27 23 of
2796 4067 41 24 the
2855 4068 78 23 entire
2952 4069 39 23 uni-

2464 4106 96 29 versity.
2582 4105 53 24 The
2657 4105 138 25 difference
2817 4106 43 23 lies
2882 4111 43 19 not
2947 4107 58 29 only

2464 4144 25 23 in
2513 4144 132 23 semantics
2668 4144 44 23 but
2734 4144 25 23 in
2783 4145 172 29 constituency
2979 4153 26 16 as

2558 4183 32 24 he
2606 4183 60 27 said,
2766 4183 7 23 I
2792 4183 69 23 don't
2877 4183 70 23 think
2965 4184 41 23 the

3048 2861 132 28 precedent
3192 2862 78 23 stated

3081 2913 152 24 Committee
3255 2914 111 23 member
3388 2915 70 22 Mike
3481 2916 108 29 Morgan

3048 2952 158 23 commented
3236 2952 51 24 that
3316 2953 129 28 Petijean's
3474 2954 104 29 interpre-

3048 2990 76 23 tation
3146 2990 29 23 of
3351 2992 98 23 seemed
3471 2997 42 19 too
3535 3000 42 16 nar-

3048 3036 58 15 row.

3169 3075 105 22 election
3303 3075 20 23 is
3353 3082 70 17 more
3452 3076 59 23 than
3541 3077 48 28 just

3048 3113 114 29 marking
3178 3120 30 16 an
3227 3114 37 22 'X'
3281 3120 34 17 on
3332 3121 15 16 a
3480 3115 31 24 he
3527 3115 60 24 said.

3098 3151 20 23 is
3132 3158 32 17 an
3178 3152 77 23 entire
3269 3158 100 23 process
3384 3153 79 23 which
3479 3153 109 24 includes

3081 3241 74 24 After
3174 3246 50 19 two
3242 3242 75 24 hours
3336 3243 29 23 of
3383 3244 146 26 discussion,
3550 3245 40 23 the

3048 3280 124 24 Elections
3201 3281 151 25 Committee
3384 3283 123 23 moved
3537 3283 53 24 into

3048 3319 83 23 closed
3152 3320 93 23 session
3267 3320 40 23 for
3327 3321 169 24 deliberation.
3519 3323 34 23 At
3578 3323 8 23 1

3048 3364 57 22 p.m.
3133 3358 122 30 Tuesday,
3284 3359 64 23 after
3374 3367 14 16 a
3414 3360 60 23 total
3501 3360 28 23 of
3556 3361 33 23 20

3048 3396 75 23 hours
3150 3396 30 23 of
3205 3397 89 23 debate
3322 3398 48 23 and
3396 3398 193 27 consideration,

3047 3435 62 22 Miss
3127 3435 68 23 Fiser
3212 3437 148 22 announced
3379 3437 50 23 that
3447 3437 68 24 since

3048 3480 106 23 purpose
3177 3474 29 22 of
3227 3482 15 15 a
3262 3475 110 29 primary
3393 3475 107 24 election
3523 3476 18 23 is
3563 3479 26 21 to

3047 3523 96 16 narrow
3163 3517 40 22 the
3222 3517 98 22 choices
3340 3517 27 22 of
3385 3517 144 23 candidates
3548 3517 41 23 for

3047 3555 61 23 each
3126 3555 108 28 position
3252 3559 27 19 to
3296 3559 56 22 two,
3372 3555 4 28 .
3398 3555 4 28 .
3423 3555 4 28 .
3447 3556 67 22 since
3533 3556 18 22 it
3570 3556 19 23 is

3047 3594 141 28 impossible
3210 3598 26 18 to
3256 3594 96 22 further
3374 3600 97 16 narrow
3492 3601 14 15 a
3528 3594 61 23 field

3046 3632 28 22 of
3090 3638 49 17 one
3155 3632 139 25 candidate,
3313 3632 48 23 and
3380 3632 66 23 since
3464 3636 49 19 two
3531 3638 44 17 can-

3045 3671 94 22 didates
3169 3677 41 16 are
3238 3670 114 29 required
3380 3670 40 24 for
3448 3678 14 16 a
3490 3671 99 23 run-off

3046 3709 112 23 election,
3182 3708 69 24 there
3273 3709 75 23 could
3372 3709 30 23 be
3424 3716 34 16 no
3481 3713 59 19 vote
3561 3709 28 23 of

3046 3747 40 23 the
3098 3747 77 23 entire

3080 3799 53 23 The
3164 3799 152 27 committee,
3347 3800 76 24 based
3452 3807 67 22 upon
3550 3800 39 23 the

3047 3838 124 29 authority
3186 3838 28 23 of
3228 3838 41 23 the
3286 3838 105 23 Statutes
3407 3838 28 23 of
3450 3839 139 23 Procedure

3047 3876 80 23 which
3153 3876 72 23 allow
3249 3877 40 23 for
3312 3877 225 29 supplementation
3562 3877 27 23 of

3048 3914 40 24 the
3109 3915 71 27 code,
3203 3916 102 23 decided
3327 3915 51 24 that
3400 3915 40 24 the
3461 3916 51 23 sole
3534 3922 42 17 can-

3047 3953 95 23 didates
3159 3953 38 23 for
3212 3954 61 23 each
3289 3954 78 23 office
3381 3954 89 23 should
3486 3954 103 24 become

3047 3992 41 24 the
3116 3993 99 22 winner.
3333 3993 63 23 have
3423 3993 84 22 shown
3537 3993 51 23 that

3048 4030 68 24 there
3137 4038 49 15 was
3206 4038 33 15 no
3259 4031 71 23 other
3350 4038 88 17 course
3459 4030 28 24 of
3507 4031 82 23 action

3050 4069 39 24 for
3108 4069 40 23 the
3166 4069 142 24 committee
3326 4075 25 18 to
3369 4070 56 23 take
3444 4070 43 22 but
3506 4074 25 19 to
3548 4069 28 24 de-

3048 4108 66 22 clare
3130 4108 51 22 that
3198 4108 68 22 there
3284 4115 48 16 was
3351 4115 34 16 no
3402 4108 60 29 legal
3480 4109 109 28 grounds

3048 4153 32 16 on
3096 4146 79 23 which
3191 4151 27 18 to
3231 4146 59 22 hold
3306 4154 13 15 a
3335 4147 109 29 primary
3458 4154 29 15 or
3502 4154 14 16 a
3532 4154 43 16 run-

3049 4185 40 22 off
3241 4185 43 22 she
3295 4185 59 22 said.

141 4117 455 115 Symposium
642 4139 232 86 opens
920 4107 196 93 Latin
1160 4104 334 94 America
1536 4104 280 108 Week;

143 4242 342 104 lectures,
530 4234 197 114 style
769 4231 232 106 show,
1047 4227 320 95 exhibits
1411 4227 327 97 included

259 4382 31 27 By
309 4380 119 28 SHERYL
448 4379 118 27 BUTLER

176 4421 21 22 A
233 4419 153 29 symposium
423 4415 119 30 Monday,
579 4414 99 24 entitled

315 4457 28 22 In
366 4454 149 25 Transition:
540 4453 53 24 The
617 4452 62 24 Role

141 4498 28 24 of
187 4497 40 24 the
248 4495 91 24 United
358 4495 78 23 States
458 4493 22 23 in
501 4492 70 24 Latin
591 4492 71 22 Amer-

221 4535 47 23 will
286 4533 116 29 formally
419 4539 65 22 open
625 4529 42 23 Lat-

143 4576 22 23 in
358 4579 13 16 a
397 4570 67 24 three
490 4570 48 28 day
564 4574 115 23 program

143 4612 128 32 presented
297 4612 31 28 by
353 4610 39 24 the
418 4608 102 25 Student
546 4606 84 24 Union
655 4606 24 23 in

142 4651 159 31 conjunction
322 4649 57 24 with
402 4648 39 23 the
462 4646 45 23 250
507 4646 31 23 th
558 4645 106 23 Anniver-

143 4698 55 22 sary
210 4690 28 24 of
248 4690 63 23 New
321 4688 111 23 Orleans.

177 4729 162 29 Participants
378 4726 23 23 in
439 4724 41 24 the
518 4722 161 30 symposium,

143 4767 81 24 which
246 4767 47 23 will
316 4766 30 23 be
368 4764 56 25 held
447 4766 22 21 at
493 4761 58 24 8:00
574 4766 58 24 p.m.
655 4759 25 24 in

143 4807 42 24 the
197 4806 23 23 A
234 4805 22 24 la
268 4806 75 23 Carte
357 4804 46 23 will
418 4803 29 23 be
460 4800 92 30 Miguel
568 4800 96 27 Arangu-

144 4852 51 19 ren,
215 4844 92 30 deputy
325 4844 107 22 director
452 4840 27 24 of
498 4838 84 24 Public
602 4837 68 23 Infor-

143 4883 93 24 mation
253 4882 50 24 and
320 4882 96 23 Affairs
435 4880 39 24 for
491 4878 41 24 the
550 4877 50 23 Pan
620 4877 40 22 Am-

143 4922 84 24 erican
244 4921 93 26 Union;
355 4921 108 23 Thomas
481 4916 125 26 Mcride,
623 4915 45 28 dep-

143 4965 42 25 uty
202 4960 106 24 director
324 4960 29 22 of
368 4960 42 23 the
427 4959 77 23 Peace
520 4954 87 31 Corps'
625 4954 42 22 Lat-

145 4999 24 24 in
191 4998 134 24 American
347 5004 137 23 programs;
506 4995 47 25 and
576 4992 108 25 Richard

144 5039 37 22 W.
202 5037 161 26 Richardson,
381 5036 130 23 Associate
529 5033 56 25 U.S.
604 5032 64 24 Coor-

146 5077 98 23 dinator
261 5076 40 22 for
316 5075 42 23 the
374 5075 112 23 Alliance
504 5074 40 23 for
562 5073 121 28 Progress.

143 5115 104 24 Charles
271 5114 67 24 Pahl,
363 5114 119 22 associate
507 5112 125 30 professor
654 5109 29 23 of

148 5154 93 28 history
253 5157 24 19 at
291 5152 100 29 Loyola,
406 5152 46 23 will
467 5158 69 17 serve
548 5157 26 17 as
589 5149 80 24 moder-

147 5197 60 19 ator.

181 5230 53 24 The
254 5229 154 30 symposium
429 5229 48 23 will
498 5227 120 31 highlight
640 5226 47 24 dis-

1146 5228 102 30 JOHN
1274 5225 147 31 GERASSI

1101 5269 133 28 Ramparts
1253 5267 79 24 editor
1352 5271 26 19 to
1396 5265 73 30 speak

1884 4308 273 79 Student
2193 4309 236 75 Council
2458 4307 205 95 filings
2698 4307 105 79 for
2829 4314 537 88 representatives
3400 4311 174 93 yield

1886 4439 124 50 one
2050 4411 336 79 contested
2415 4439 144 50 race
2599 4410 105 79 for
2731 4411 330 95 president
3099 4410 79 79 of
3208 4439 43 51 a
3289 4413 238 94 college

1917 4533 91 30 Filings
2030 4533 40 24 for
2091 4533 104 24 Student
2214 4533 106 23 Council
2344 4540 67 23 repre-

1882 4572 132 23 sentatives
2030 4579 33 16 on
2080 4572 90 24 March
2190 4572 25 23 11
2236 4572 48 23 and
2304 4572 29 23 12
2350 4572 63 29 yield-

1881 4610 31 23 ed
1930 4611 59 28 only
2006 4617 49 17 one
2071 4611 128 23 contested
2218 4617 55 17 race
2292 4611 39 23 for
2350 4611 61 29 presi-

1883 4648 59 23 dent
1953 4649 29 22 of
1993 4656 15 15 a
2018 4649 101 29 college.

1918 4687 62 28 Billy
2002 4687 82 24 Guste
2107 4688 49 23 and
2179 4688 108 22 William
2312 4687 112 23 Peacock

1883 4724 60 23 filed
1972 4725 40 23 for
2040 4726 41 23 the
2108 4726 108 29 position
2245 4726 28 23 of
2301 4726 124 29 president

1882 4762 67 23 from
1972 4763 42 24 the
2038 4764 103 29 College
2166 4765 29 22 of
2218 4765 58 23 Arts
2301 4765 49 22 and
2374 4764 39 23 Sci-

1883 4808 81 16 ences.

1917 4839 88 24 Bernie
2023 4840 121 29 Arghiere
2162 4848 50 17 was
2231 4842 42 23 the
2291 4842 59 28 only
2367 4848 45 17 can-

1882 4876 84 24 didate
1983 4877 40 23 for
2040 4878 124 28 president
2182 4879 66 24 from
2267 4880 41 23 the
2323 4880 103 29 College

1881 4914 29 23 of
1936 4915 113 24 Business
2074 4917 217 27 Administration,
2317 4919 108 28 Stephen

1882 4953 104 23 Zieman
2006 4953 66 24 from
2090 4955 41 24 the
2149 4956 83 24 dental
2251 4957 96 27 school;
2367 4957 59 23 Paul

1881 4992 22 22 J.
1925 4992 160 23 Carmouche
2108 4993 67 24 from
2198 4995 42 23 the
2262 4995 47 24 law
2331 4996 94 26 school,

1884 5030 49 22 and
1951 5030 106 23 Edward
2074 5031 113 24 Mclnnis
2206 5033 65 23 from
2289 5033 41 24 the
2349 5033 77 24 music

1884 5068 94 23 school.

1919 5106 92 30 Filings
2032 5107 40 23 for
2091 5107 105 25 Student
2217 5109 106 24 Council
2346 5117 68 22 repre-

1885 5146 130 22 sentatives
2028 5152 63 16 were
2104 5146 53 23 also
2168 5146 63 24 held.

1920 5183 76 24 From
2013 5184 41 23 the
2070 5183 103 30 College
2190 5186 28 22 of
2234 5186 59 22 Arts
2310 5186 50 22 and
2377 5185 38 24 Sci-

1884 5229 80 19 ences,
1982 5222 143 23 candidates
2144 5223 41 23 for
2200 5223 83 28 junior
2300 5230 113 23 represen-

1886 5260 86 24 tatives
1996 5260 106 24 include:
2128 5261 90 29 Nancy
2242 5262 122 27 Bamette,
2389 5262 38 23 Ed

2466 4533 90 28 Lahey,
2574 4533 96 23 Ronald
2687 4533 133 29 Legendre,
2835 4533 45 23 Joe
2896 4533 109 29 Looney,

2466 4572 100 22 Charlie
2580 4572 164 29 Magarahan,
2759 4572 61 22 Beth
2834 4572 90 26 Miller,
2941 4572 50 23 Ron-

2466 4610 39 23 ald
2518 4610 131 26 Nabonne,
2661 4611 98 22 Connie
2771 4611 93 28 Regan,
2877 4611 73 22 Mark
2962 4611 34 22 Sil-

2466 4649 75 26 verio,
2571 4649 50 23 and
2651 4649 76 28 Larry
2757 4649 68 22 Zani.
2858 4649 80 29 Filing
2968 4649 39 22 for

2466 4688 150 28 sophomore
2662 4688 202 28 representatives
2908 4693 97 17 were:

2468 4726 89 23 Kathie
2593 4726 150 26 Andressen,
2780 4726 56 23 Ann
2875 4726 132 28 Donnelly,

2466 4765 75 28 Craig
2557 4765 117 28 Forshag,
2693 4765 50 22 Bob
2760 4765 126 23 Marshall,
2904 4765 42 22 Liz
2963 4765 30 22 Pa-

2469 4803 85 25 lermo,
2567 4803 48 23 and
2630 4804 130 27 Raymond
2774 4804 78 22 Poret.

2502 4842 75 23 From
2596 4842 41 23 the
2655 4842 102 28 College
2775 4842 28 23 of
2823 4841 113 24 Business
2958 4842 34 23 Ad-

2469 4880 163 23 ministration
2661 4880 70 23 those
2761 4881 70 28 filing
2859 4880 39 23 for
2927 4881 81 28 junior

2468 4920 202 28 representatives
2693 4925 70 17 were:
2786 4919 110 23 Thomas
2919 4919 75 23 Anzel-

2470 4964 48 19 mo,
2536 4958 79 28 Kerry
2632 4957 127 26 Leftwich,
2775 4957 72 23 Steve
2865 4958 78 28 Rapp,
2961 4957 48 23 and

2469 4996 87 23 Daniel
2577 4996 121 23 Sheehan.
2719 4996 47 23 For
2786 4996 150 29 sophomore
2956 5003 40 22 rep-

2470 5034 157 24 resentatives
2650 5035 70 23 those
2742 5034 71 29 filing
2833 5041 71 17 were:
2930 5034 80 29 Edgar

2469 5073 25 23 L.
2510 5073 82 23 Chase
2607 5073 43 26 111,
2665 5073 65 23 John
2746 5074 137 24 Demarest,
2899 5073 108 23 Michael

2470 5111 121 25 Harmon,
2618 5111 69 23 Clint
2714 5111 130 26 Kuzmich,
2872 5111 56 23 Neil
2956 5112 54 22 Mc-

2467 5149 102 29 Carthy,
2605 5149 25 22 D
2640 5156 11 16 r
2661 5157 13 15 a
2685 5156 13 16 c
2709 5156 35 16 os
2780 5150 125 24 Morvant,
2941 5150 52 22 War-

2469 5194 42 16 ren
2536 5187 165 27 Mouledoux,
2726 5187 77 23 Vince
2827 5187 108 25 O'Hara,
2961 5187 48 23 and

2470 5225 73 23 Ernie
2555 5225 82 28 Perry.

2504 5262 80 30 Filing
2607 5262 41 24 for
2670 5262 125 30 junior
2820 5263 189 29 representative

3049 4534 65 22 from
3134 4534 41 23 the
3195 4534 82 23 dental
3298 4534 85 23 school
3405 4542 71 17 were:
3497 4536 91 29 Joseph

3050 4572 30 23 D.
3112 4572 106 27 Barrios,
3248 4573 96 23 Claude
3365 4573 23 24 S.
3421 4573 89 28 Pratte,
3541 4575 48 23 and

3049 4611 63 29 Clay
3123 4611 169 24 Charbonnet.

3084 4656 122 23 Sharmon
3237 4656 140 30 McCarthy
3407 4658 48 23 and
3485 4658 105 24 Janet

3050 4695 79 23 Smart
3149 4695 57 23 filed
3227 4695 40 23 for
3284 4696 82 23 dental
3386 4696 105 30 hygiene
3510 4704 67 22 repre-

3051 4733 126 23 sentative.

3085 4779 212 29 Representatives
3316 4780 70 29 filing
3403 4780 65 23 from
3486 4781 41 23 the
3543 4782 46 22 law

3051 4817 83 23 school
3162 4818 97 24 include
3284 4818 131 24 Theodore
3440 4819 20 23 J.
3488 4819 101 26 Adams,

3050 4856 69 29 Gary
3142 4856 117 30 Aspiazu,
3283 4857 67 23 Ariel
3373 4857 118 30 Campos,
3517 4858 71 23 Elliot

3051 4894 153 30 Courtright,
3217 4896 48 23 and
3278 4895 81 23 Frank
3372 4895 61 24 Saia.

3087 4943 75 23 From
3174 4943 41 24 the
3228 4943 77 23 music
3316 4942 93 26 school,
3422 4942 78 23 Linda
3513 4942 60 23 John-

3051 4989 44 16 son
3114 4983 48 22 and
3179 4982 74 23 Carol
3273 4982 90 28 Verges
3383 4981 58 23 filed
3460 4981 40 22 for
3517 4981 59 29 soph-

3053 5027 87 16 omore
3151 5020 208 29 representatives.

3086 5066 53 22 The
3153 5065 52 23 first
3221 5065 126 29 primaries
3362 5064 40 23 for
3416 5064 41 23 the
3471 5064 119 24 elections

3053 5104 47 22 will
3120 5103 30 23 be
3167 5103 56 22 held
3243 5103 89 22 March
3351 5103 31 22 25
3403 5103 49 22 and
3472 5103 41 27 26,
3533 5103 59 24 with

3051 5142 41 23 the
3111 5141 58 23 final
3187 5141 117 22 elections
3322 5141 129 29 following
3468 5148 33 16 on
3521 5143 70 28 April

3056 5180 6 22 1
3079 5180 50 23 and
3140 5180 22 22 2.

3086 5224 78 23 Ballot
3185 5224 75 23 boxes
3282 5224 40 23 for
3342 5224 41 24 the
3403 5225 119 24 elections
3543 5227 49 23 will

3051 5263 30 23 be
3097 5263 87 29 placed
3200 5263 25 22 in
3241 5263 42 22 the
3300 5263 135 30 respective
3451 5264 107 25 schools.

3168 2512 147 26 (continued
3325 2520 32 15 on
3369 2520 63 20 page
3443 2513 26 27 4)

267 5274 147 29 (continued
424 5281 32 16 on
468 5281 62 21 page
540 5274 26 27 4)
