3754 5381
2456 635 14 15 a
2486 628 110 24 member
2610 629 28 23 of
2653 630 83 29 Sigma
2753 630 81 30 Alpha
2852 632 88 29 Kapp.i
2957 640 26 14 so-

2456 667 45 22 cial
2516 667 135 30 fraternity.

2490 712 126 25 Flectcher
2635 714 124 26 Cochran,
2780 715 82 24 senior
2880 716 46 23 law
2946 722 37 17 stu-

2455 751 66 26 dent,
2548 759 49 16 was
2624 756 121 20 treasurer
2770 753 28 23 of
2824 754 41 23 the
2891 755 104 23 Student

2455 790 47 22 Bar
2515 791 155 23 Association
2685 792 39 22 for
2736 796 49 19 two
2798 799 76 22 years,
2889 801 13 15 a
2918 800 57 16 mem-

2455 828 42 24 ber
2512 829 28 23 of
2554 829 82 30 Sigma
2652 830 81 29 Alpha
2750 831 87 29 Kappa
2854 832 75 23 social
2946 832 37 24 fra-

2454 868 88 29 ternity
2571 869 47 23 and
2650 869 142 24 intramural
2824 870 169 30 heavyweight

2455 906 90 30 boxing
2561 907 134 30 champion
2714 908 39 23 for
2773 909 62 22 1964
2852 910 48 22 and
2922 910 70 22 1966.

2488 960 107 22 Michael
2617 960 99 30 George
2736 961 82 26 Crow,
2841 962 41 22 BA
2903 962 89 26 senior,

2454 998 19 22 is
2491 998 123 29 president
2632 999 27 23 of
2678 999 74 24 ADG
2771 1000 74 23 social
2866 1000 127 30 fraternity

2454 1037 47 22 and
2521 1037 121 29 president
2662 1038 28 23 of
2708 1038 39 24 the
2768 1039 91 29 Loyola
2880 1039 111 24 Football

2453 1076 72 22 Club.

2487 1128 89 23 Dental
2600 1129 158 29 sophomore,
2781 1131 82 22 James
2888 1131 27 22 R.
2941 1131 34 22 Du-

2455 1174 52 16 mas
2526 1167 17 23 is
2560 1167 123 30 president
2701 1169 28 22 of
2745 1168 36 23 his
2799 1169 70 24 class,
2886 1176 13 16 a
2917 1175 58 17 mem-

2454 1205 43 23 ber
2520 1206 28 23 of
2570 1205 40 25 the
2634 1206 27 23 C.
2686 1207 86 23 Victor
2797 1208 90 28 Vignes
2911 1208 81 22 dental

2455 1243 80 23 honor
2551 1244 93 30 society
2661 1245 49 23 and
2729 1245 73 24 Delta
2820 1247 81 28 Sigma
2921 1247 71 22 Delta

2454 1281 82 24 dental
2550 1282 136 31 fraternity.

2488 1333 93 24 Robert
2606 1335 110 29 Dupont,
2743 1335 92 30 history
2860 1337 87 26 senior,
2974 1337 18 23 is

2454 1372 39 24 the
2515 1373 123 23 President
2659 1374 28 22 of
2706 1374 40 23 the
2765 1375 103 30 College
2887 1376 28 23 of
2935 1377 56 22 Arts

2454 1412 48 22 and
2529 1411 113 24 Sciences
2668 1413 47 22 and
2744 1413 39 24 the
2811 1413 93 24 former
2930 1415 52 23 vice-

2453 1450 123 29 president
2594 1451 28 22 of
2640 1451 40 24 the
2698 1451 102 24 Student
2819 1452 113 24 Council.
2953 1453 39 24 He

2455 1489 18 22 is
2485 1489 69 23 listed
2569 1489 22 23 in
2604 1490 99 22 "Who's

2488 1540 79 25 Ferrel
2591 1541 122 30 Guillory,
2736 1550 14 16 a
2771 1542 145 30 journalism
2938 1545 41 28 jun-

2454 1586 42 25 ior,
2517 1586 18 23 is
2554 1587 39 23 the
2613 1588 79 23 editor
2710 1588 27 23 of
2757 1588 40 23 the
2815 1589 109 22 Maroon
2943 1589 49 24 and

2453 1639 13 16 a
2493 1632 111 23 member
2631 1633 28 22 of
2686 1633 40 23 the
2755 1633 103 24 Student
2885 1634 105 24 Judicial

2453 1677 84 23 Court.
2556 1678 22 22 A
2598 1677 93 24 former
2708 1678 111 24 member
2835 1679 28 23 of
2880 1680 40 24 the
2938 1680 41 24 Stu-

2453 1722 55 23 dent
2538 1722 114 27 Council,
2683 1724 30 23 he
2744 1724 18 22 is
2793 1724 141 24 mentioned
2968 1726 21 23 in

2454 1768 97 22 "Who's
2564 1768 70 23 Who.

2487 1820 95 23 Patrick
2612 1821 97 28 Hymel,
2739 1829 13 15 a
2780 1821 46 23 law
2856 1822 133 26 freshman,

2453 1866 47 16 was
2523 1859 105 23 selected
2650 1860 41 22 the
2712 1860 159 30 outstanding
2893 1861 97 23 student

2453 1898 22 22 in
2499 1898 110 23 business
2633 1898 197 24 administration
2855 1899 44 24 last
2924 1907 64 22 year.

2453 1937 37 22 He
2509 1937 18 22 is
2544 1937 52 22 also
2614 1944 13 15 a
2646 1937 92 23 former
2756 1937 127 24 executive
2901 1938 89 23 officer

2453 1976 21 22 in
2494 1975 88 23 ROTC
2599 1976 49 22 and
2664 1976 20 23 is
2703 1983 12 16 a
2734 1976 109 23 member
2862 1977 27 23 of
2906 1977 82 23 ADG.

2486 2027 97 24 Ronald
2598 2028 72 29 Jung,
2687 2036 15 15 a
2716 2029 118 29 graduate
2852 2030 97 23 student
2966 2030 24 23 in

2453 2066 112 29 banking,
2588 2067 17 22 is
2628 2075 13 14 a
2663 2067 109 23 member
2793 2068 28 22 of
2841 2068 40 23 the
2903 2069 87 23 Junior

2453 2104 124 24 Chamber
2595 2106 29 23 of
2642 2106 149 24 Commerce
2811 2107 48 23 and
2880 2114 13 16 a
2914 2114 57 16 mem-

2453 2143 40 23 ber
2510 2143 28 23 of
2555 2143 40 24 the
2615 2144 132 24 Louisiana
2764 2145 66 24 State
2851 2146 45 23 Bar
2915 2147 60 22 Asso-

2453 2182 97 23 ciation.
2565 2182 37 23 He
2615 2183 18 22 is
2646 2190 29 15 an
2689 2184 78 28 Army
2780 2188 105 19 veteran.

2485 2234 108 23 Michael
2617 2235 158 25 McConnell,
2799 2243 14 15 a
2835 2236 43 22 BA
2900 2236 89 29 junior,

2454 2274 17 22 is
2488 2273 40 23 the
2545 2278 122 18 treasurer
2685 2274 27 22 of
2728 2274 41 23 the
2786 2274 102 24 Student
2907 2275 67 23 Coun-

2453 2312 28 22 cil
2507 2312 47 22 and
2580 2319 13 16 a
2617 2312 111 30 delegate
2752 2317 25 18 to
2802 2313 40 23 the
2867 2313 123 24 Students'

2454 2350 83 29 Rights
2556 2351 48 22 and
2624 2351 133 23 Freedoms
2774 2351 157 24 Committee.
2952 2352 39 24 He

2453 2389 85 28 helped
2567 2390 114 28 organize
2709 2390 40 24 the
2778 2390 93 29 Loyola
2899 2390 91 30 Sailing

3074 576 107 22 Richard
3203 577 70 25 Ness,
3295 584 13 16 a
3329 577 81 23 senior
3430 576 148 30 philosophy

3041 614 85 29 major,
3146 614 18 23 is
3182 614 40 24 the
3240 615 124 29 president
3381 615 28 23 of
3427 615 83 30 Alpha
3529 615 38 30 Sig-

3039 660 41 16 ma
3103 653 49 26 Nu,
3175 653 75 24 Jesuit
3275 654 79 23 honor
3377 655 135 28 fraternity,
3537 654 41 24 the

3039 692 121 29 president
3186 693 29 22 of
3239 693 41 24 the
3306 692 272 31 Philosophy-Literary

3039 730 97 30 Society
3152 732 47 22 and
3217 732 16 22 is
3250 731 69 23 listed
3336 732 22 22 in
3375 731 99 24 "Who's

3073 784 99 28 George
3192 784 88 28 Papale
3299 784 19 22 is
3336 791 14 16 a
3367 784 46 23 law
3431 784 88 23 senior.
3540 784 38 23 He

3041 829 18 23 is
3075 829 122 29 president
3214 830 28 23 of
3258 829 32 24 St.
3306 829 109 23 Thomas
3432 829 73 24 More
3521 830 58 23 Law-

3039 874 65 23 Club
3118 875 47 23 and
3181 882 12 16 a
3209 874 110 24 member
3332 876 28 23 of
3374 874 39 24 the
3427 875 95 29 Loyola
3537 883 28 16 na-

3037 920 74 23 tional
3131 924 66 19 moot
3214 923 70 20 court
3302 924 72 20 team.
3394 921 38 23 He
3450 921 18 23 is
3485 928 14 16 a
3516 921 61 23 staff

3039 965 109 24 member
3171 966 28 23 of
3222 965 41 24 the
3286 966 76 27 Legal
3385 966 55 28 Rag
3463 967 49 22 and
3536 967 42 22 the

3039 1011 57 22 Law
3108 1011 106 22 Review.

3065 1064 108 23 Michael
3186 1065 76 23 Read,
3274 1064 45 23 law
3330 1065 88 24 senior,
3431 1065 18 23 is
3460 1065 41 23 the
3512 1071 52 23 pres-

3037 1102 65 23 ident
3122 1103 28 22 of
3168 1103 41 24 the
3228 1103 80 24 Men's
3329 1103 145 24 Intramural
3496 1104 81 23 Board

3037 1140 49 23 and
3104 1141 40 23 the
3161 1142 122 29 president
3302 1142 27 23 of
3347 1142 71 23 Delta
3436 1142 79 23 Theta
3534 1143 43 22 Phi

3037 1179 45 23 law
3100 1180 134 30 fraternity.
3253 1181 38 23 He
3307 1181 156 29 participates
3478 1181 25 23 in
3518 1181 45 23 Sen-

3039 1217 36 23 ior
3088 1218 102 29 Project.

3071 1270 115 24 Kenneth
3212 1272 105 23 Sanders
3343 1272 18 23 is
3386 1280 14 15 a
3424 1272 46 23 law
3494 1272 83 29 junior

3037 1316 48 23 and
3105 1323 30 16 an
3156 1316 132 24 instructor
3308 1318 22 22 in
3352 1318 110 23 business
3482 1317 80 24 admin-

3037 1362 117 22 istration.
3171 1362 38 23 He
3225 1363 88 29 helped
3328 1363 115 29 organize
3457 1363 42 23 the
3513 1363 48 29 Loy-

3037 1407 39 23 ola
3099 1407 110 23 Football
3232 1408 65 22 Club
3319 1408 49 23 and
3390 1408 18 23 is
3430 1416 15 15 a
3467 1408 111 23 member

3037 1452 27 23 of
3076 1452 72 23 Delta
3159 1452 83 30 Sigma
3257 1453 31 22 Pi.

3070 1504 143 24 Alexander
3226 1505 116 27 Tiliakos,
3359 1506 77 23 music
3451 1507 89 25 senior,
3557 1506 20 24 is

3036 1543 40 23 the
3093 1544 122 29 president
3234 1544 29 23 of
3280 1544 40 24 the
3338 1544 89 24 School
3446 1545 28 23 of
3492 1545 84 23 Music

3036 1582 48 23 and
3104 1582 17 23 is
3140 1582 70 24 listed
3229 1584 24 22 in
3273 1583 99 23 "Who's
3499 1584 39 23 He
3557 1584 20 23 is

3037 1621 39 22 the
3090 1628 116 22 manager
3217 1622 28 22 of
3257 1622 39 23 the
3308 1626 100 19 concert
3420 1622 73 23 band.

3069 1673 64 23 John
3155 1673 142 26 Unsworth,
3319 1674 45 23 law
3385 1673 88 26 senior,
3496 1674 18 23 is
3535 1674 41 23 the

3037 1718 187 30 vice-president
3242 1720 28 23 of
3287 1719 41 24 the
3344 1720 102 23 Student
3466 1720 47 22 Bar
3531 1720 31 23 As-

3035 1764 118 23 sociation
3177 1764 48 23 and
3249 1772 14 15 a
3286 1765 88 23 staffer
3396 1772 32 16 on
3452 1765 41 23 the
3516 1766 59 22 Law

3036 1810 106 22 Review.

3071 1855 59 23 Paul
3148 1856 102 22 Walters
3266 1856 19 22 is
3302 1863 14 15 a
3332 1856 82 22 dental
3432 1856 79 28 major
3527 1856 49 23 and

3035 1894 124 28 president
3172 1894 28 22 of
3213 1894 40 22 the
3267 1894 28 22 C.
3310 1894 86 22 Victor
3410 1894 92 29 Vignes
3515 1895 45 22 den-

3035 1932 30 23 tal
3087 1933 99 28 society.
3208 1933 39 23 He
3266 1933 18 22 is
3304 1933 51 22 also
3375 1933 41 23 the
3435 1933 129 29 vice-presi-

3034 1971 57 23 dent
3112 1971 28 23 of
3160 1972 37 22 Psi
3218 1972 95 29 Omega
3333 1972 82 22 dental
3438 1972 135 29 fraternity.

3070 2016 86 29 Henry
3289 2016 89 27 White,
3401 2017 109 29 political
3532 2017 35 24 sci-

3033 2061 61 17 ence
3116 2055 89 25 senior,
3230 2055 17 23 is
3271 2055 42 24 the
3336 2056 123 28 president
3483 2056 28 22 of
3534 2056 40 23 the

3036 2093 102 23 Student
3152 2093 90 26 Union,
3257 2093 68 23 listed
3339 2093 24 24 in
3375 2094 99 23 "Who's

3034 2140 14 15 a
3065 2132 110 29 delegate
3196 2137 24 18 to
3239 2132 41 24 the
3298 2132 162 24 Consortium
3480 2133 49 23 and
3549 2137 26 19 to

3036 2170 85 23 Senior
3152 2170 101 29 Project.
3282 2170 39 24 He
3348 2171 19 22 is
3395 2171 52 23 also
3474 2178 33 16 on
3535 2171 41 23 the

3033 2209 122 22 Students'
3175 2209 85 29 Rights
3279 2209 47 23 and
3346 2209 133 23 Freedoms
3498 2209 58 24 Com-

3036 2248 90 22 mittee.

3068 2292 107 29 Stephen
3199 2293 111 26 Zieman,
3335 2293 82 23 dental
3440 2293 90 29 junior,
3556 2293 19 24 is

3036 2338 122 29 president
3177 2338 29 23 of
3223 2338 41 24 the
3282 2338 82 30 junior
3383 2338 63 24 class
3466 2339 48 22 and
3534 2339 42 23 the

3034 2384 187 29 vice-president
3244 2384 28 23 of
3293 2384 73 24 Delta
3388 2384 82 29 Sigma
3493 2382 80 27 Delta,

3036 2430 40 22 the
3087 2430 82 22 dental
3182 2429 136 29 fraternity.

2532 2906 82 21 AKIN

2519 3374 110 22 BORNE

2526 3842 97 21 CROW

2518 4311 116 20 HYMEL

2511 4779 126 20 PAPALE

2778 2905 172 22 ARGHIERE

2810 3373 108 20 BRENT

2808 3841 114 22 DUMAS

2820 4309 85 23 JUNG

2819 4777 88 21 READ

3089 2906 132 21 BAGERT

3102 3374 107 20 BURNS

3088 3841 134 21 DUPONT

3054 4309 198 21 McCONNELL

3080 4777 149 21 SANDERS

3409 2908 76 21 BICE

3368 3373 158 21 COCHRAN

3361 3840 167 22 GUILLORY

3404 4309 81 21 NESS

3368 4775 155 23 TILIAKOS

2480 5246 187 22 UNSWORTH

2786 5245 157 22 WALTERS

3100 5244 111 21 WHITE

3382 5243 128 21 ZIEMAN

125 546 68 26 plays
230 546 8 20 I
247 546 90 27 uesday
369 546 65 23 from
465 547 98 22 various
595 547 69 23 Latin

125 583 134 23 American
286 585 124 22 countries
438 585 48 22 and
514 586 138 22 demonstra-

125 626 63 17 tions
209 621 31 30 by
261 626 49 19 two
331 622 85 24 skilled
439 624 70 22 Latin
531 624 133 23 American

125 665 109 18 artisans.
267 661 88 23 Carlos
388 662 89 23 Marco
509 663 110 28 Aguliar,
653 671 12 15 a

123 698 76 24 Costa
223 699 76 23 Rican
322 701 101 28 painter,
446 702 47 21 will
515 702 92 23 exhibit
629 702 36 23 his

125 738 122 29 paintings
266 739 24 22 in
311 739 39 23 the
371 740 65 22 main
457 740 89 29 lounge
565 741 49 22 and
634 741 34 23 do

124 777 92 22 several
231 778 120 28 portraits.
369 778 81 28 Felipe
465 778 75 30 Mejia
555 782 24 19 ot
597 780 51 22 Hon-

123 815 74 23 duras
223 815 47 23 will
297 816 167 24 demonstrate
491 818 42 22 her
559 818 54 23 skill
639 819 29 23 of

123 858 72 18 straw
220 855 117 29 weaving.
362 856 48 23 She
434 856 47 22 will
507 856 72 24 make
603 857 61 26 hats,

125 899 84 22 purses
223 894 48 22 and
284 894 98 23 sandals
397 895 64 22 from
476 903 12 14 a
504 895 80 23 native
600 896 65 29 palm

124 931 93 23 branch
229 932 78 23 called

159 980 21 21 A
200 979 145 24 re-creation
365 980 28 23 of
410 989 13 14 a
443 981 70 23 Latin
532 982 52 23 side
603 983 62 22 walk

122 1017 56 25 cafe
197 1018 47 23 will
265 1018 29 24 be
314 1019 129 29 presented
464 1020 113 29 Tuesday
600 1021 64 23 from

127 1056 73 23 10:30
218 1064 56 16 a.m.
294 1061 27 19 to
343 1058 55 22 1:30
416 1065 58 22 p.m.
497 1059 22 23 in
540 1059 40 23 the
599 1060 66 28 patio

123 1096 112 27 adjacent
251 1100 25 19 to
291 1096 40 24 the
348 1097 64 23 main
429 1097 90 30 lounge
535 1099 23 22 in
575 1099 89 22 Danna

122 1134 98 23 Center.
252 1135 48 23 Los
329 1136 96 29 Mayas,
455 1144 14 16 a
498 1137 166 23 Guatemalan

123 1173 58 23 rock
206 1174 30 22 'n'
260 1174 43 23 roll
328 1174 73 25 band,
425 1182 14 16 a
462 1176 61 28 style
546 1176 67 22 show
636 1175 28 23 of

123 1212 139 23 traditional
289 1213 81 24 native
394 1218 133 20 costumes,
552 1215 47 22 and
624 1214 40 23 the

122 1251 122 29 sampling
261 1252 27 22 of
307 1252 69 23 Latin
395 1253 101 28 pastries
515 1253 47 23 and
579 1253 84 23 coffee

123 1289 48 23 will
184 1289 29 24 be
226 1297 92 22 among
330 1291 41 22 the
383 1291 137 29 highlights.

156 1335 52 23 The
244 1336 211 23 Inter-American
490 1337 91 22 Center
615 1337 48 22 will

123 1373 61 24 have
210 1381 30 16 an
266 1381 65 22 open
357 1375 76 23 house
458 1375 113 29 Tuesday
598 1375 65 23 from

123 1419 65 16 noon
209 1418 25 18 to
257 1414 7 22 1
289 1420 57 22 p.m.
369 1414 47 22 and
437 1414 66 22 from
523 1414 14 22 7
558 1421 57 22 p.m.
638 1419 26 18 to

123 1451 14 22 8
154 1458 57 22 p.m.
228 1452 60 23 This
305 1453 46 22 will
368 1453 53 28 give
438 1453 110 22 students
565 1453 39 22 the
620 1459 30 23 op-

122 1491 126 28 portunity
268 1496 25 17 to
313 1491 75 28 speak
409 1491 56 23 with
487 1497 68 17 some
575 1491 28 23 of
623 1491 41 24 the

123 1529 160 29 participants
307 1530 48 22 and
378 1537 39 16 see
440 1530 56 22 how
519 1530 40 23 the
582 1534 83 19 center

123 1567 132 23 functions.

293 1607 22 22 in
442 1614 13 15 a
472 1607 60 23 slide
551 1607 48 22 and
617 1607 36 23 lec-

122 1648 53 20 ture
195 1645 145 24 discussion,
362 1646 46 22 will
431 1646 29 22 be
482 1646 128 28 presented
632 1646 32 29 by

123 1683 43 23 Dr.
195 1684 99 23 Donald
323 1684 134 24 Robinson,
486 1684 125 29 professor
636 1684 28 23 of

122 1723 45 22 Art
188 1722 100 29 History
308 1727 24 18 at
352 1723 137 22 Newcomb
509 1723 109 29 College,
640 1729 22 16 at

123 1760 76 24 10:30
217 1767 55 17 a.m.
293 1762 23 22 in
335 1762 141 28 Marquette
496 1762 166 22 Auditorium.

157 1800 76 22 Films
258 1806 33 16 on
318 1800 97 22 various
443 1800 68 22 Latin
539 1801 123 22 countries

122 1839 46 22 will
191 1838 29 23 be
240 1839 85 22 shown
346 1839 114 28 Tuesday
482 1844 22 17 at
526 1839 59 22 9:30
605 1846 57 16 a.m.

122 1878 47 22 and
190 1877 73 23 11:30
280 1884 56 16 a.m.
355 1878 22 22 in
396 1883 82 17 rooms
496 1878 13 22 2
528 1878 23 22 D
569 1878 47 22 and
634 1878 27 22 E.

157 1922 93 23 Robert
283 1923 103 29 Angers,
420 1922 78 24 editor
531 1923 28 22 of
592 1923 71 23 Latin

122 1962 132 22 American
280 1962 158 27 Reports
462 1962 128 29 magazine
614 1962 48 23 will

122 1999 75 30 speak
215 2007 31 15 on
265 2000 40 23 the
323 2000 50 23 role
390 2000 28 23 of
435 2000 40 23 the
494 2000 126 30 magazine
638 2000 25 24 in

122 2038 77 24 better
228 2039 225 23 communications
483 2039 109 23 between
623 2039 40 23 the

123 2077 136 25 Americas,
284 2077 114 29 Tuesday
423 2082 23 18 at
471 2077 57 23 2:15
554 2084 59 23 p.m.
639 2077 25 24 in

123 2123 83 16 rooms
219 2116 14 22 2
247 2116 23 22 D
282 2116 47 23 and
343 2116 26 23 E.

157 2154 211 24 Inter-American
404 2154 92 24 Center
531 2155 132 22 education

712 493 93 21 leaders
829 493 65 22 from
918 493 107 22 Panama
1047 493 48 22 and
1119 493 133 22 Honduras

712 530 47 23 will
774 530 94 23 discuss
972 530 104 29 Foreign
1092 530 92 30 Policy;
1199 530 52 24 The

712 568 70 23 Latin
802 569 133 23 American
1137 569 114 30 Tuesday

712 607 24 23 in
749 614 86 16 rooms
849 608 14 22 2
879 608 22 22 D
914 608 48 23 and
979 608 19 22 E
1010 611 24 20 at
1050 608 62 22 3:30
1127 615 57 22 p.m.

746 653 23 22 A
808 653 69 23 Latin
915 653 133 23 American
1086 653 87 24 dinner
1211 654 41 23 for

710 691 40 24 the
767 692 70 22 dorm
854 692 117 24 students,
990 692 45 22 will
1055 692 29 23 be
1101 692 55 24 held
1174 693 61 23 Tues-

710 730 48 29 day
784 730 138 27 afternoon,
947 730 123 30 complete
1095 731 57 24 with
1179 732 71 23 Latin

712 768 68 26 food,
793 770 76 22 music
883 770 46 22 and
942 769 164 24 decorations.

828 818 124 22 Problems
966 818 28 22 of
1007 818 179 23 Urbanization
1200 818 49 23 and

709 863 78 23 Social
950 863 45 23 will
1019 863 29 23 be
1071 864 40 24 the
1133 864 66 29 topic
1222 864 28 24 of

710 916 14 16 a
745 908 70 30 panel
839 909 135 23 discussion
997 909 114 29 Tuesday
1134 909 68 30 night
1226 910 23 23 in

709 961 82 16 rooms
809 954 15 23 2
842 955 30 23 A,
893 955 25 24 B,
937 955 47 23 and
1003 955 21 23 C
1043 959 24 19 at
1085 955 14 23 8
1118 962 59 22 p.m.
1196 956 53 23 The

709 1000 70 28 panel
798 1000 160 29 participants
977 1000 46 22 will
1044 1000 29 23 be
1092 1001 43 22 Dr.
1155 1001 95 23 Munro

710 1045 150 25 Edmunson,
880 1046 126 29 professor
1022 1046 28 23 of
1067 1047 182 30 anthropology

708 1095 23 18 at
745 1090 95 24 Tulane
856 1091 149 29 University;
1020 1092 43 22 Dn
1081 1092 108 24 Richard
1204 1093 45 23 La-

709 1130 82 29 Barge,
819 1130 127 23 chairman
972 1131 28 22 of
1025 1131 149 23 Economics
1200 1132 48 22 and

710 1168 107 23 Finance
837 1169 155 29 department
1014 1173 22 19 at
1059 1169 121 25 LSUNO;
1201 1170 48 23 and

710 1207 41 22 Dr.
769 1208 106 23 Michael
893 1208 112 24 Micklin,
1020 1209 119 23 associate
1155 1209 81 28 profes-

708 1253 40 16 sor
771 1246 27 24 of
820 1247 126 29 sociology
968 1250 23 20 at
1013 1247 104 23 Tulane.
1142 1247 107 23 Michael

706 1284 109 30 Conroy.
838 1285 111 23 assistant
971 1285 107 23 director
1099 1286 28 23 of
1147 1286 41 23 the
1209 1286 26 23 In-

709 1324 181 23 ter-American
907 1324 91 23 Center
1015 1324 47 23 will
1080 1330 38 18 act
1137 1332 24 15 as
1181 1325 51 22 mod-

708 1366 87 20 erator.

742 1407 52 23 The
814 1408 102 22 Student
938 1408 83 22 Union
1044 1408 23 22 in
1086 1408 162 28 conjunction

709 1447 57 22 with
794 1446 41 23 the
863 1447 48 22 Pan
940 1447 132 22 American
1100 1447 72 25 Club,
1200 1447 48 22 will

708 1485 71 28 again
799 1489 96 24 present
915 1485 47 23 Los
982 1486 89 27 Mayas
1089 1486 115 28 Tuesday
1223 1486 25 23 in

708 1523 40 23 the
770 1524 67 22 Wolf
860 1524 50 22 Pub
933 1524 65 22 from
1019 1524 15 22 9
1057 1530 57 23 p.m.
1139 1529 24 18 to
1186 1524 47 23 mid-

710 1562 73 29 night.

741 1608 22 21 A
790 1607 217 29 Spanish-English
1034 1612 86 25 poetry
1146 1609 103 29 reading

708 1646 57 22 with
790 1646 83 23 Miller
896 1646 127 24 Williams,
1049 1646 120 24 associate
1193 1654 42 22 pro-

708 1684 78 23 fessor
801 1684 28 23 of
846 1685 106 29 English,
970 1685 47 23 and
1035 1685 43 23 Dr.
1095 1685 20 23 J.
1134 1685 28 24 R.
1183 1686 49 23 Rod-

708 1723 88 29 riguez,
813 1723 128 23 chairman
959 1723 27 23 of
1002 1723 40 23 the
1060 1724 108 24 Modern
1187 1725 47 23 Lan-

707 1768 89 22 guages
813 1762 169 29 Department,
997 1762 48 23 will
1061 1763 28 23 be
1104 1763 56 23 held
1175 1764 54 22 Wed-

708 1800 91 29 nesday
822 1805 22 18 at
868 1800 60 23 2:00
950 1808 57 22 p.m.
1031 1801 25 23 in
1079 1808 84 17 rooms
1187 1802 13 23 2
1225 1802 24 23 D

707 1839 47 22 and
769 1839 24 23 E.

951 1885 20 22 Is
1006 1885 18 23 It
1059 1886 128 23 Desirable
1220 1893 29 16 or

707 1924 136 28 Necessary
860 1924 24 22 in
902 1924 70 23 Latin
1152 1925 47 23 will
1218 1925 29 23 be

708 1962 39 22 the
768 1962 65 29 topic
856 1962 38 23 for
915 1963 175 29 Wednesday's
1111 1963 93 24 lecture
1224 1967 23 20 at

708 2001 12 21 8
736 2008 57 21 p.m.
811 2001 23 22 in
850 2001 40 23 the
905 2002 21 21 A
943 2001 21 23 la
979 2002 81 22 Carte.
1077 2002 63 23 John
1155 2002 76 23 Geras-

707 2039 25 25 si,
758 2039 70 23 Latin
852 2039 132 24 American
1008 2040 79 23 editor
1111 2040 39 24 for
1172 2041 57 22 Ram-

706 2083 68 22 parts
792 2078 126 29 magazine
940 2079 47 22 and
1008 2078 92 24 former
1122 2079 124 29 professor

706 2116 29 23 of
769 2116 174 24 International
980 2117 125 23 Relations
1139 2122 23 19 at
1198 2118 47 23 San

708 2155 132 23 Francisco
857 2155 66 23 State
940 2156 101 29 College
1061 2156 45 22 will
1127 2156 82 29 speak.

1639 1407 157 28 RICHARD
1822 1407 236 28 RICHARDSON

1527 1448 30 22 To
1576 1448 144 26 participate
1739 1448 24 21 in
1784 1446 70 23 Latin
1874 1447 133 22 American
2026 1448 152 26 symposium

131 2385 144 95 LU
337 2384 444 95 student
844 2384 401 95 beaten
1303 2397 120 82 to
1480 2384 334 95 death

125 2258 140 47 Moot
308 2266 141 39 court
493 2260 41 45 is
578 2258 115 46 here

160 2530 54 23 Last
234 2530 89 28 Friday
341 2534 24 19 at
387 2530 72 22 12:20
477 2536 58 23 p.m.
556 2530 22 22 in
598 2530 67 23 front

122 2568 28 24 of
166 2568 50 22 600
232 2569 123 22 witnesses
374 2568 114 23 Kenneth
505 2569 93 28 Jacque
614 2575 49 16 was

125 2607 118 29 allegedly
262 2607 78 24 caned
360 2611 27 18 to
404 2607 73 23 death
499 2607 23 23 in
542 2606 39 24 the
601 2607 22 22 A
642 2606 21 23 la

122 2645 75 23 Carte
224 2652 70 16 room
322 2645 31 29 by
381 2652 74 22 peace
482 2645 181 23 demonstrator

125 2684 75 29 Larry
217 2685 20 22 J.
254 2684 88 23 Leon
360 2684 42 23 111.

741 2530 52 22 The
829 2530 107 23 incident
972 2530 119 28 allegedly
1126 2530 120 22 occurred

709 2568 70 23 while
794 2568 88 23 Leon
895 2568 49 23 and
957 2576 14 15 a
982 2568 80 23 friend
1072 2567 100 30 George
1186 2568 47 22 Sim-

708 2614 32 15 no
763 2614 63 16 were
849 2606 123 29 picketing
995 2607 39 22 for
1056 2613 75 22 peace
1154 2606 93 29 against

708 2652 95 15 owners
821 2645 28 22 of
866 2653 13 15 a
897 2645 99 29 napalm
1016 2644 66 30 plant
1100 2644 96 24 located
1215 2652 33 15 on

708 2690 110 22 campus.

1323 2529 33 22 At
1375 2529 206 28 Loyola?John
1603 2529 148 25 Fitzmorris,
1771 2529 56 22 Law

1289 2567 88 23 School
1397 2567 87 25 senior,
1505 2567 82 23 would
1607 2567 61 24 have
1688 2574 26 16 us
1735 2567 92 24 believe

1290 2606 16 22 it
1319 2613 64 16 were
1394 2612 34 16 so.

1324 2660 34 21 As
1376 2663 52 25 part
1447 2658 28 23 of
1492 2659 40 22 the
1551 2659 44 22 law
1613 2658 105 23 school's
1736 2659 90 23 annual

1290 2698 71 22 Moot
1389 2698 78 22 Court
1496 2697 160 29 competition
1687 2697 140 23 Fitzmorris

1290 2736 83 29 staged
1388 2744 14 15 a
1416 2736 72 23 mock
1504 2736 100 23 murder
1618 2736 89 29 Friday
1720 2736 25 23 in
1761 2736 50 23 Dan-

1289 2782 31 15 na
1339 2774 92 23 Center
1450 2779 26 18 to
1495 2775 102 29 provide
1618 2775 89 23 fodder
1726 2774 40 23 for
1786 2774 40 24 the

1290 2814 133 28 upcoming
1438 2813 76 24 battle
1529 2813 28 23 of
1573 2813 91 30 Loyola
1681 2813 98 23 student
1796 2813 21 23 le-

1289 2852 37 29 gal
1341 2852 85 22 minds.

1325 2904 66 22 Each
1415 2911 64 22 year,
1504 2904 40 23 the
1567 2909 49 18 two
1640 2904 45 22 law
1708 2904 119 26 societies,

1289 2949 33 23 St.
1347 2949 109 23 Thomas
1483 2949 72 23 More
1580 2949 47 23 and
1653 2949 72 23 Delta
1750 2949 77 23 Theta

1291 2994 49 24 Phi.
1365 2998 66 25 stage
1454 2994 62 23 their
1539 2994 90 23 annual
1653 2995 72 22 Moot
1749 2994 77 23 Court

1288 3040 167 29 proceedings.
1477 3041 31 22 At
1528 3040 59 23 such
1607 3040 69 23 times
1697 3048 12 15 a
1728 3045 84 18 contro-

1289 3085 85 23 versial
1389 3085 107 24 incident
1510 3086 19 22 is
1544 3086 121 26 invented,
1680 3086 84 28 staged
1777 3086 48 23 and

1288 3131 43 22 left
1351 3135 24 18 to
1395 3131 39 23 the
1455 3131 52 23 wits
1526 3131 28 23 of
1574 3131 45 22 law
1639 3131 117 26 students,
1777 3136 49 18 two

1289 3176 38 23 for
1344 3176 40 23 the
1400 3176 100 23 defense
1518 3176 47 23 and
1583 3180 48 19 two
1648 3176 38 23 for
1702 3176 41 23 the
1759 3183 55 22 pros-

1288 3222 106 23 ecution.

1322 3274 52 23 The
1390 3281 106 22 purpose
1512 3274 27 22 of
1554 3274 40 23 the
1609 3279 72 17 event
1697 3274 17 22 is
1731 3278 26 18 to
1771 3280 42 23 pro-

1288 3313 55 23 vide
1362 3319 82 23 young
1465 3313 45 22 law
1530 3313 109 22 students
1659 3313 56 22 with
1737 3313 76 29 practi-

1288 3351 37 23 cal
1347 3351 156 29 experiences
1526 3351 21 23 in
1570 3351 96 29 dealing
1688 3351 56 23 with
1767 3351 48 23 real-

1289 3390 51 22 istic
1354 3390 45 22 law
1410 3396 75 16 cases.

1322 3442 58 23 This
1400 3449 64 22 year,
1483 3450 27 15 as
1528 3442 24 23 in
1572 3442 40 24 the
1631 3445 61 27 past,
1711 3442 41 24 the
1770 3449 56 17 case

1288 3489 45 22 will
1353 3488 28 23 be
1399 3488 74 23 heard
1491 3492 23 19 at
1532 3488 38 24 the
1587 3488 118 23 Criminal
1725 3488 100 22 District

1288 3534 77 22 Court
1388 3534 112 28 Building
1521 3538 22 18 at
1565 3534 78 22 Broad
1664 3533 48 23 and
1731 3533 95 23 Tulane

1289 3580 121 22 Avenues.
1447 3578 129 24 Criminial
1613 3578 100 23 District
1748 3578 78 23 Court

1289 3625 77 29 Judge
1387 3624 108 24 Thomas
1518 3624 35 23 M.
1576 3624 110 29 Brahney
1707 3624 47 22 will
1775 3630 39 23 pre-

1290 3670 51 23 side
1352 3676 59 17 over
1423 3670 40 22 the
1475 3670 119 29 hearings.

1324 3723 21 21 A
1364 3721 54 29 jury
1438 3721 28 23 of
1485 3721 93 29 Loyola
1598 3721 99 29 pre-law
1717 3721 109 23 students

1289 3767 46 23 will
1360 3767 29 23 be
1413 3767 150 29 responsible
1587 3767 39 23 for
1649 3766 114 30 deciding
1786 3767 39 23 the

1290 3814 99 22 winner.

1324 3865 32 23 St.
1387 3865 109 23 Thomas
1526 3865 72 22 More
1627 3865 200 28 representatives

1290 3904 45 22 will
1366 3904 92 22 defend
1488 3904 41 22 the
1559 3904 103 22 accused
1694 3904 132 25 murderer,

1291 3942 90 25 Labon.
1407 3942 63 23 John
1498 3942 131 23 Unsworth
1654 3942 48 22 and
1726 3942 99 28 Harvey

1290 3981 118 29 Strayhan
1429 3981 46 22 will
1496 3985 37 18 act
1554 3988 26 15 as
1599 3986 155 23 prosecutors
1775 3987 39 23 rep-

1289 4020 121 28 resenting
1428 4020 72 22 Delta
1519 4020 76 22 Theta
1615 4020 42 22 Phi
1678 4020 71 28 Legal
1769 4020 43 22 Fra-

1292 4059 93 28 ternity.

1323 4110 52 24 The
1388 4111 51 23 trial
1454 4110 45 24 will
1514 4110 54 23 take
1581 4111 69 28 place
1664 4110 88 23 March
1765 4110 59 22 29th

1290 4152 22 20 at
1333 4149 57 23 7:30
1410 4156 56 23 p.m.
1487 4149 39 23 All
1546 4149 109 23 students
1675 4156 40 16 are
1736 4148 90 23 invited

1290 4192 26 18 to
1327 4189 89 21 attend.

123 2786 195 60 Student
362 2786 182 60 Council
591 2791 261 55 committee
897 2799 49 46 to
990 2786 138 73 study

125 2870 200 57 schools
371 2868 299 74 disciplinary
715 2873 153 55 action
914 2868 151 74 policy

156 2962 51 22 The
227 2962 101 22 Student
347 2962 106 22 Council
473 2962 86 28 passed
578 2969 14 15 a
611 2968 34 16 mo-

123 3000 50 23 tion
198 3000 115 28 Tuesday
338 3005 23 17 at
386 3000 28 22 its
439 3000 93 28 weekly
558 3000 106 28 meeting

123 3039 50 22 that
193 3039 40 22 the
254 3039 122 29 president
397 3039 27 22 of
444 3039 40 22 the
503 3039 98 22 council
622 3045 28 22 ap-

123 3078 67 28 point
214 3085 14 15 a
250 3077 143 23 committee
481 3077 111 23 research
615 3077 48 23 and

123 3116 166 29 complement
332 3116 39 22 the
413 3116 123 22 Studenls'
579 3116 84 28 Rights

156 3193 52 23 The
228 3193 102 25 motion,
350 3193 104 28 brought
475 3193 65 23 forth
560 3193 32 28 by
612 3192 51 23 Bob

123 3232 111 29 Dupont,
254 3232 64 22 A&S
338 3232 130 28 president,
488 3238 49 16 was
557 3235 94 25 present-

123 3271 28 23 ed
170 3271 22 22 in
210 3271 57 28 light
285 3271 27 22 of
329 3271 40 22 the
387 3275 81 18 recent
485 3270 134 23 dismissals
636 3270 28 22 of

123 3310 68 22 three
215 3309 94 29 Loyola
332 3309 110 22 students
466 3309 23 22 in
514 3308 150 23 connection

123 3348 57 23 with
195 3348 77 29 illegal
286 3354 41 16 use
339 3348 28 22 of
378 3348 81 28 drugs.

157 3387 53 23 The
230 3387 109 22 students
361 3392 64 17 were
444 3386 129 23 dismissed
595 3386 56 22 with-

123 3430 43 18 out
184 3433 12 15 a
215 3425 101 28 hearing
333 3432 28 15 or
379 3433 13 14 a
409 3425 94 22 chance
522 3429 25 18 to
565 3427 98 26 present

124 3464 61 23 their
205 3470 63 19 case,
288 3464 51 22 said
360 3464 62 22 Tom
443 3462 101 30 Wright,
565 3462 98 24 council

123 3503 131 28 president,
274 3502 56 23 who
348 3502 76 29 spoke
444 3503 23 22 in
487 3502 71 23 favor
576 3502 27 22 of
623 3502 39 22 the

708 2963 100 21 motion.

819 3000 61 22 can't
902 3000 61 22 have
984 3000 118 28 arbitrary
1122 3000 120 23 dismissal

708 3039 27 22 of
911 3039 51 22 said
986 3039 109 28 Dupont.
1118 3039 53 22 The
1194 3039 39 22 uni-

708 3077 86 28 versity
813 3077 88 23 should
920 3077 61 23 have
1001 3084 13 16 a
1033 3081 34 19 set
1087 3077 157 29 disciplinary

708 3119 95 25 system,
842 3116 30 22 he
908 3115 60 23 said.
1006 3115 59 23 This
1101 3116 143 22 committee

707 3154 86 22 should
823 3154 51 23 find
903 3158 42 19 out
975 3154 53 22 how
1057 3155 110 22 students
1196 3155 46 22 feel

708 3192 75 23 about
802 3192 45 24 this
868 3193 81 28 policy
969 3193 48 23 and
1038 3197 96 24 present
1155 3201 14 15 a
1188 3199 57 17 case

708 3233 24 21 to
759 3231 39 23 the
824 3232 122 22 Students'
975 3232 84 28 Rights
1085 3232 159 23 Committee.

711 3270 99 28 Dupont
824 3270 125 23 observed.

742 3308 51 23 The
810 3309 65 22 three
890 3309 110 22 students
1016 3308 108 23 referred
1140 3313 26 18 to
1181 3315 63 16 were

711 3346 89 23 Robert
822 3348 29 21 A.
876 3347 108 29 Dropka,
1007 3347 91 23 Robert
1120 3347 19 23 J.
1162 3347 67 23 Chau-

708 3385 47 24 vin,
777 3386 47 21 and
844 3386 90 28 Joseph
956 3386 69 28 Daly,
1047 3386 56 23 who
1123 3392 64 17 were
1207 3393 25 16 ar-

709 3424 78 23 rested
806 3424 39 23 for
861 3424 109 29 alledged
987 3425 62 28 drug
1065 3425 129 22 violations
1212 3431 32 16 on

708 3462 57 23 Feb.
790 3463 28 22 16
836 3464 47 21 and
901 3464 127 22 dismissed
1049 3463 63 23 from
1132 3464 40 23 the
1192 3464 39 22 uni-

709 3501 88 26 versity
810 3501 90 26 shortly
914 3502 138 22 thereafter.

1295 1526 258 95 Father
1595 1526 254 114 Clancy
1896 1558 414 63 announces

1295 1651 278 114 history
1615 1650 469 115 department
2127 1651 171 114 split

1326 1796 51 23 The
1393 1796 161 29 Department
1566 1796 28 22 of
1607 1796 101 28 History
1720 1796 49 21 and
1783 1796 30 21 Po-

1291 1834 73 23 litical
1388 1834 100 24 Science
1513 1834 46 23 will
1584 1834 29 22 he
1637 1833 127 30 separated
1788 1833 27 23 be-

1290 1880 74 16 cause
1391 1873 41 23 the
1460 1872 193 24 administrative
1679 1872 94 23 burden
1801 1872 27 23 of

1291 1912 72 29 being
1387 1912 127 22 chairman
1539 1912 28 22 of
1592 1920 13 14 a
1630 1911 131 23 combined
1787 1911 28 24 de-

1290 1955 121 25 partment
1431 1951 18 22 is
1468 1954 42 19 too
1528 1954 74 26 great,
1621 1950 148 23 announced
1788 1949 40 24 the

1292 1989 58 23 Rev.
1372 1989 109 22 Thomas
1502 1988 102 30 Clancy,
1626 1988 54 27 S.J.,
1702 1993 23 19 at
1747 1996 14 15 a
1782 1988 35 23 his-

1290 2032 54 25 tory
1364 2027 155 29 department
1539 2027 106 29 meeting
1665 2027 163 29 Wednesday,

1291 2065 87 23 March
1391 2065 23 23 6.

1323 2111 32 23 At
1382 2118 47 16 one
1455 2110 60 25 time
1540 2110 41 24 the
1607 2111 167 29 departments
1799 2110 29 24 of

1290 2156 91 29 history
1414 2156 49 24 and
1494 2156 108 29 political
1636 2156 95 24 science
1764 2163 63 16 were

1871 1795 69 22 small
1967 1795 98 28 enough
2092 1799 25 18 to
2144 1795 29 22 be
2198 1795 141 26 combined,
2366 1795 43 24 but

1871 1839 58 16 over
1949 1833 41 23 the
2010 1833 44 22 last
2075 1833 66 23 three
2164 1840 69 22 years
2254 1833 40 24 the
2315 1834 94 29 faculty

1871 1872 43 22 has
1937 1872 106 22 doubled
2067 1872 47 22 and
2137 1872 41 23 the
2200 1872 97 23 student
2320 1872 78 23 enroll-

1872 1915 66 18 ment
1957 1910 24 23 in
2003 1910 91 29 history
2115 1911 48 22 and
2183 1910 108 30 political
2312 1910 97 25 science

1871 1949 41 22 has
1929 1956 82 21 grown
2029 1954 49 17 two
2094 1949 47 22 and
2159 1956 46 16 one
2223 1949 53 23 half
2292 1950 69 23 times
2378 1950 30 23 its

1871 1988 114 28 previous
2005 1988 55 26 size,
2082 1988 30 23 he
2132 1988 51 23 said
2205 1988 23 23 in
2250 1988 158 30 explanation

1873 2026 38 22 for
1923 2026 39 23 the
1974 2026 101 29 change.

1905 2065 74 28 Mary
1994 2065 74 25 Fiser,
2084 2072 12 16 a
2112 2065 80 23 senior
2207 2065 24 23 in
2245 2065 72 26 A&S,
2333 2065 76 24 asked

1871 2104 64 22 what
1958 2110 49 16 was
2029 2104 42 23 the
2093 2104 74 23 result
2189 2104 29 22 of
2331 2104 77 23 Great

1870 2142 134 22 Chairman
2162 2142 59 23 This
2248 2142 108 23 referred
2382 2147 28 19 to

1871 2181 39 22 the
1938 2181 85 22 search
2051 2181 38 22 for
2117 2189 14 15 a
2158 2181 127 22 chairman
2313 2181 28 22 of
2368 2181 41 23 the

1873 2219 106 28 political
1992 2220 95 22 science
2100 2219 161 29 department.

1907 2258 89 22 Father
2020 2258 94 28 Clancy
2139 2258 127 22 answered
2292 2257 51 23 that
2369 2257 41 23 the

1869 2296 73 23 chase
1960 2302 49 17 was
2027 2296 106 23 fruitless
2150 2302 28 17 so
2195 2296 45 23 far.
2259 2296 80 23 There
2357 2296 19 23 is
2393 2303 15 16 a

1869 2334 134 29 possibility
2020 2335 49 23 that
2088 2335 40 23 the
2145 2341 53 17 new
2214 2335 127 23 chairman
2359 2335 47 23 will

1871 2374 29 22 be
1913 2373 91 23 chosen
2020 2373 64 23 from
2099 2373 40 23 the
2154 2373 99 29 faculty,
2268 2373 51 23 said
2335 2373 59 23 Fath-

1871 2418 25 17 er
1914 2412 102 29 Clancy.

1903 2450 53 24 The
1979 2450 91 29 history
2093 2450 154 29 department
2272 2450 18 23 is
2310 2457 49 16 one
2380 2450 30 23 of

1872 2489 40 23 the
1936 2489 87 29 largest
2049 2489 167 29 departments
2240 2496 32 16 on
2297 2495 111 23 campus,

1874 2527 87 24 Father
1992 2527 93 29 Clancy
2117 2527 61 23 said.
2211 2527 128 29 Including
2369 2527 41 24 the

1871 2565 100 29 pre-law
1994 2565 117 24 students,
2134 2565 67 23 there
2225 2572 40 16 are
2291 2565 47 23 160
2360 2568 37 20 stu-

1871 2604 76 22 dents.
1971 2603 80 23 There
2073 2611 41 16 are
2137 2604 55 23 nine
2217 2604 92 29 faculty
2333 2610 57 16 mem-

1873 2642 53 23 bers
1949 2642 23 23 in
1996 2642 40 23 the
2058 2642 93 29 history
2174 2642 163 29 department,
2360 2643 49 22 and

1872 2680 68 24 three
1962 2680 93 29 faculty
2077 2680 121 24 members
2222 2681 22 23 in
2268 2680 40 24 the
2331 2680 68 30 politi-

1873 2719 35 23 cal
1922 2719 95 23 science
2029 2719 161 29 department.

1907 2758 48 22 For
1978 2761 56 19 next
2057 2761 123 22 semester,
2205 2757 89 23 Father
2316 2756 94 30 Clancy

1869 2795 60 25 said,
1954 2795 95 29 Loyola
2073 2795 18 23 is
2116 2795 100 29 looking
2241 2795 39 23 for
2305 2795 103 23 another

1871 2834 115 22 historian
2009 2834 47 22 and
2078 2833 103 23 another
2202 2833 107 30 political
2332 2833 65 23 scien-

1873 2871 45 24 tist.

1904 2910 52 23 The
1984 2910 58 23 Rev.
2071 2910 107 23 Michael
2206 2910 121 26 Brennan,
2355 2910 53 27 S.J.,

1872 2948 54 23 who
1945 2955 49 16 was
2011 2955 32 16 on
2062 2956 12 15 a
2095 2955 116 22 one-year
2229 2949 178 28 appointment,

1871 2987 47 22 will
1935 2987 28 22 be
1980 2987 112 29 replaced
2109 2987 30 28 hy
2157 2987 94 22 Ronald
2271 2987 89 27 Labbe,
2378 2987 30 23 he

1870 3026 59 22 said.

1906 3064 27 22 In
1960 3064 41 22 the
2028 3064 58 22 field
2113 3064 27 22 of
2168 3064 93 28 faculty
2288 3064 120 26 research.

1873 3102 87 23 Father
1987 3102 94 29 Clancy
2110 3102 157 26 maintained,
2296 3103 40 23 the
2362 3103 36 22 his-

1869 3144 55 25 tory
1943 3140 154 29 department
2118 3140 19 24 is
2159 3140 53 24 first
2233 3147 91 22 among
2345 3141 48 28 Loy-

1869 3178 39 23 ola
1929 3179 173 29 departments.
2125 3179 64 23 Next
2211 3186 64 22 year,
2296 3180 30 22 he
2347 3180 59 25 said,

1871 3217 15 22 it
1900 3217 46 23 will
1959 3217 61 23 have
2034 3217 55 23 nine
2102 3221 24 19 to
2138 3217 86 23 twelve
2238 3217 103 23 Ph.D.'s.

1875 3300 159 58 DA's
2081 3298 202 63 office

1869 3380 194 76 drops
2109 3381 268 76 charges

1869 3484 81 39 on
1982 3463 93 59 LU
2106 3462 299 62 students

1903 3541 109 30 Charges
2025 3541 93 30 against
2131 3546 48 19 two
2192 3542 92 28 Loyola
2297 3542 110 24 students

1870 3587 64 16 were
1952 3580 107 29 recently
2079 3580 97 23 refused
2196 3580 32 30 by
2246 3580 41 24 the
2307 3581 101 23 District

1871 3619 139 28 Attorney's
2034 3618 78 24 office
2136 3619 105 24 because
2265 3619 28 24 of-

1871 3657 82 23 ficient
2167 3658 132 29 according
2333 3662 26 20 to
2396 3665 13 16 a

1870 3695 148 29 spokesman
2032 3696 38 23 for
2082 3696 40 23 the
2134 3696 85 23 office.

1903 3734 53 23 The
1977 3739 47 18 two
2045 3734 116 25 students,
2182 3734 100 30 George
2301 3734 107 27 Troxell,

1870 3773 64 23 A&S
1952 3774 88 25 senior,
2060 3773 48 23 and
2128 3773 87 23 Steven
2237 3773 85 25 Baker,
2344 3773 64 23 A&S

1870 3811 157 30 sophomore,
2049 3819 63 16 were
2134 3811 97 24 booked
2254 3811 40 23 for
2315 3818 81 23 posses-

1869 3850 53 23 sion
1941 3850 28 23 of
1989 3850 134 29 marijuana
2143 3850 24 23 in
2187 3850 67 29 early
2274 3850 133 29 February.

1904 3889 91 23 Girard
2011 3889 150 24 Fernandez,
2177 3889 117 22 Troxell's
2311 3889 96 28 lawyer,

1869 3927 138 23 confirmed
2023 3927 50 23 that
2090 3927 39 23 the
2145 3927 100 29 charges
2261 3927 94 29 against
2371 3927 36 22 his

1870 3966 71 22 client
1962 3966 46 22 had
2029 3966 59 22 been
2109 3966 105 24 refused,
2235 3966 42 22 but
2296 3966 53 22 said
2368 3966 41 22 the

1871 4005 66 22 DA's
1963 4005 77 22 office
2065 4004 47 23 had
2139 4008 42 19 not
2206 4005 143 22 elaborated
2374 4010 33 17 on

1870 4043 39 23 the
1934 4049 98 16 reasons
2055 4043 40 22 the
2117 4043 117 22 evidence
2258 4049 49 16 was
2333 4042 63 23 insuf-

1870 4082 92 22 ficient.

1903 4120 96 23 Troxell
2029 4120 46 23 and
2105 4120 78 23 Baker
2210 4126 63 17 were
2300 4119 107 23 arrested

1869 4159 69 22 when
1967 4159 122 29 police
2117 4158 118 29 allegedly
2263 4158 143 23 discovered

1869 4197 125 29 gleanings
2019 4197 28 23 of
2073 4197 137 29 marijuana
2234 4203 32 17 on
2294 4196 40 23 the
2359 4199 37 20 stu-

1868 4236 77 23 dents'
1964 4236 115 28 clothing.
2100 4236 51 23 The
2170 4239 50 19 two
2238 4242 63 17 were
2322 4238 73 20 arrest-

1869 4274 29 23 ed
1915 4275 64 22 after
1994 4273 154 30 discovering
2164 4281 12 16 a
2194 4273 52 30 pair
2263 4273 27 23 of
2306 4273 101 25 friends,

1869 4313 72 23 Mark
1974 4312 108 23 Robison
2113 4312 48 23 and
2191 4311 109 24 Michael
2332 4311 63 23 Kille-

1869 4352 72 23 brew,
1959 4351 57 23 who
2033 4351 47 23 had
2098 4351 144 29 apparently
2261 4350 61 23 been
2339 4356 56 16 over-

1868 4397 72 16 come
1971 4390 30 29 by
2031 4389 92 24 carbon
2156 4389 133 24 monoxide
2321 4388 23 23 in
2376 4395 30 16 an

1869 4433 144 24 apartment.
2043 4428 78 23 Baker
2146 4428 49 23 and
2220 4427 97 23 Troxell
2344 4433 64 17 were

1869 4467 72 23 taken
1957 4471 25 19 to
1997 4467 78 29 police
2092 4467 175 29 headquarters
2283 4465 39 23 for
2337 4472 56 22 ques-

1869 4506 94 28 tioning
1993 4505 80 23 where
2106 4505 56 29 they
2194 4511 63 17 were
2289 4503 118 23 searched

1869 4545 47 22 and
1935 4544 39 23 the
1993 4544 135 28 marijuana
2146 4543 126 30 gleanings
2289 4549 65 17 were
2371 4549 25 17 re-

1870 4582 112 30 portedly
1995 4582 84 23 found.

129 132 186 44 4

1653 135 110 27 THE
1807 136 250 26 MAROON

3150 143 122 31 Friday,
3297 143 106 27 March
3430 144 45 30 15,
3503 144 74 26 1968

135 213 294 94 Latin
505 217 742 112 presentation

130 366 340 87 opens
538 370 142 64 on
754 338 497 118 Monday

229 490 148 26 (continued
386 491 67 27 from
466 498 61 20 page
541 490 10 22 I

2466 219 240 132 Blue
2774 222 220 156 Key
3058 226 488 128 induction

2459 388 589 132 scheduled
3123 388 436 159 Sunday

2564 572 143 23 (continued
2717 574 66 21 from
2795 581 62 14 page
2871 575 6 20 1

549 3570 273 71 Pfisterer

377 3649 165 42 Dental
587 3649 277 53 Laboratory
910 3650 77 42 Co.

553 3713 172 22 ESTABLISHED
751 3713 62 22 1908

454 3748 104 20 DENTAL
579 3748 129 21 BUILDING
727 3760 8 4 -
755 3747 47 21 2nd
824 3748 88 21 FLOOR

145 3784 49 20 227
210 3783 141 21 DAUPHINE
368 3783 35 21 ST.
1002 3783 77 21 Phone
1097 3784 121 21 523-2131

195 3900 53 22 MM
293 3892 41 30 ft
464 3892 44 30 m\
548 3892 25 30 B
730 3903 108 20 Students
852 3902 59 20 from
925 3900 81 28 Loyola
1021 3900 94 22 needed
1128 3905 22 17 to
1163 3901 63 21 work

538 3933 25 42 I
730 3946 21 19 in
780 3944 56 21 ,heir
866 3951 8 15 s
879 3951 13 19 P
895 3951 39 15 are
962 3944 55 21 ,ime
1046 3943 84 27 selling
1159 3943 68 26 study

729 3993 89 14 course.
843 3987 155 20 Commission
1023 3984 55 27 paid
1103 3992 30 14 on
1158 3984 68 23 sales.

169 4021 44 39 fl|
729 4029 61 20 Must
813 4027 28 22 be
864 4027 88 27 willing
974 4032 23 17 to
1021 4027 62 22 learn
1106 4027 74 21 basics
1202 4027 25 21 of

509 4060 70 48 l*
730 4077 52 13 new
803 4069 136 26 philospny-

140 4129 38 40 \
286 4099 31 55 J
413 4101 73 55 5
798 4143 29 5 _
852 4127 254 29 SCIENTOLOGY
1130 4143 29 5 -

153 4192 151 22 LOUISIANA
324 4192 105 21 KARATE
449 4191 190 21 ASSOCIATION
814 4195 82 20 APPLY
917 4195 66 20 4827
1003 4194 138 21 PRYTANIA

145 4227 53 16 2705
214 4226 19 17 S.
251 4226 65 17 Bred
334 4226 30 17 S.
477 4226 43 17 CM
537 4226 105 17 822-.T98
789 4236 30 21 be
821 4239 7 18 ,
830 4243 69 14 ween
1012 4235 16 22 rf

258 4254 117 16 Instructor
375 4254 51 16 T.
443 4253 85 17 Mikami
1110 4253 13 12 r

173 4288 55 20 Open
240 4288 117 19 Mon.-Sat..
369 4289 50 15 6:30
431 4289 122 19 p.m.-10:00
565 4292 46 15 p.m.
823 4277 46 21 nd
882 4278 58 21 7:30
951 4281 23 17 O
990 4278 72 20 10:30
1073 4285 56 19 p.m.

200 4309 82 17 Classes
295 4310 32 15 for
339 4309 49 16 both
400 4314 46 11 men
457 4309 40 16 and
509 4314 77 11 women

268 4337 164 16 NONPROFIT
448 4337 67 16 CI.UH

895 4402 205 110 yy

927 4495 20 15 C
1045 4491 21 17 a

406 4748 43 21 ON
469 4747 47 21 THE
536 4746 98 22 MOVED
845 4717 42 50 OF
908 4718 121 49 SOCIAL
1046 4719 100 48 WORK

426 4860 196 37 LOYOLA

290 4937 81 29 apply:

293 4994 90 22 HENRY
403 4995 18 20 A
450 4993 143 23 McGINNIS,

294 5042 75 25 Ph.D.,
389 5042 82 21 ACSW
1161 5051 11 10 *

297 5091 80 20 11300
389 5092 27 19 N.
430 5091 19 20 E.
463 5089 48 21 2nd
524 5090 98 20 Avenue

293 5139 78 20 Miami
386 5138 91 25 Shores,
490 5137 88 22 Florida
591 5137 78 22 33161
1028 5151 16 8 ,
1154 5152 7 9 ,

294 5188 47 19 Box
353 5187 19 20 N

1331 4497 36 49 I
1714 4523 23 14 :sa!
1737 4526 40 20 W

1339 4752 248 38 COLUMNS
1621 4751 157 37 HOTEL

1407 4823 112 22 CLOSEST
1538 4823 36 21 TO
1593 4821 113 22 CAMPUS

1447 4878 121 22 Breakfast
1579 4876 87 23 Served

1403 4935 109 21 SINGLES
1531 4932 76 27 $4.50
1618 4932 93 26 -$8.50

1387 4976 121 22 DOUBLES
1529 4976 29 22 $8
1572 4976 30 20 50
1614 4988 7 3 -
1635 4974 92 25 $12.50

1322 5031 208 22 Air-Conditioned
1542 5030 92 23 and/or
1645 5031 76 21 Steam
1735 5031 57 21 Heat

1430 5086 64 22 MRS.
1517 5087 81 21 HELEN
1620 5086 17 22 F.
1659 5086 64 21 ZINK

1443 5121 101 23 General
1557 5123 113 24 Manager

1448 5163 63 22 3811
1527 5163 30 22 St.
1569 5163 96 22 Charles

1308 5206 40 20 TW
1364 5206 93 20 5-9139
1655 5206 40 20 TW
1712 5206 91 20 5-5872

2049 4679 88 28 RENT
2160 4678 27 28 A

2010 4716 215 29 TYPEWRITER

1975 4759 63 25 (with
2050 4760 82 26 option
2144 4762 24 18 to
2180 4757 123 28 purchase)

1972 4808 62 21 NEW
2046 4820 20 3 -
2079 4807 225 21 RECONDITIONED

1890 4863 108 22 Portable
2256 4876 15 8 *

2236 4876 94 43 '*Si
2365 4887 12 26 \

1890 4919 113 21 s,andard
2006 4927 10 13 '
2236 4936 135 37 timmfl

1889 4975 103 21 Elecrric

2056 5033 164 30 REBOUL'S

1973 5076 186 38 Typewriter
2183 5075 120 29 Service

2054 5116 45 21 113
2112 5116 73 25 Camp
2197 5115 29 21 St.

2031 5150 78 22 Phone
2121 5150 126 22 524-3435

1987 5201 27 20 As
2026 5200 54 21 little
2091 5207 22 13 oi
2126 5200 25 21 $8
2160 5200 25 19 00
2197 5207 12 13 a
2220 5199 71 21 month
