3701 5377
122 237 1090 159 LOYOLA

122 396 1090 71 MAROON

131 544 374 119 Loyola
558 559 289 85 must
896 546 422 118 publish

128 710 655 119 scholarship
851 712 332 117 policy

161 878 56 22 Last
237 877 88 23 week's
345 881 203 19 announcement
567 878 32 29 by
619 878 42 23 the
681 878 70 23 Dean

124 916 28 23 of
173 917 58 22 Arts
253 916 49 23 and
324 916 114 23 Sciences
460 916 53 23 that
535 916 41 23 the
599 921 103 19 amount
724 917 27 22 of

124 955 88 23 tuition
236 955 128 23 remission
386 958 26 20 to
432 959 50 19 two
504 962 28 16 or
554 962 70 17 more
644 955 92 30 depend-

123 998 55 18 ents
191 994 29 22 of
233 994 42 22 the
289 1000 68 16 same
372 998 99 24 parents
487 994 44 23 has
547 994 61 23 been
624 994 125 23 increased

125 1036 25 19 to
167 1031 66 25 $200
250 1038 43 23 per
309 1038 57 23 year
382 1038 84 17 comes
482 1036 25 20 at
523 1040 14 16 a
554 1037 63 18 most
633 1033 118 22 welcome

124 1071 66 23 time.
205 1071 51 23 The
271 1071 207 23 Administration
492 1071 19 23 is
525 1076 26 18 to
564 1071 29 23 be
605 1071 126 23 commend-

123 1110 32 22 ed
175 1110 40 22 for
234 1110 113 29 showing
366 1110 136 23 continued
522 1117 106 16 concern
650 1110 39 22 for
709 1110 41 23 the

123 1149 101 22 welfare
242 1149 28 22 of
287 1149 40 23 the
345 1149 111 23 students
475 1149 31 29 by
524 1149 90 29 raising
631 1149 117 22 financial

124 1187 40 23 aid
185 1187 48 22 and
255 1187 134 23 assistance
410 1192 27 18 to
457 1187 150 29 correspond
630 1187 56 23 with
709 1187 41 23 the

123 1226 86 28 steady
226 1226 46 23 rise
288 1226 29 22 of
333 1226 88 23 tuition
440 1227 47 22 and
506 1226 70 23 other
592 1226 156 23 educational

125 1269 72 18 costs.

158 1310 84 29 Along
265 1310 57 23 with
346 1310 41 23 the
410 1310 147 23 announced
580 1310 120 30 doubling
722 1310 28 23 of

124 1348 41 23 the
186 1348 129 24 remission
337 1356 123 22 program,
482 1348 89 24 Father
592 1348 102 24 Tonnar
714 1356 25 16 re-

124 1387 103 23 marked
243 1387 51 23 that
311 1387 67 24 there
393 1387 62 24 have
471 1387 60 23 been
549 1394 74 22 many
638 1388 111 22 students

124 1425 97 30 eligible
238 1426 39 22 for
292 1426 41 24 the
349 1426 127 23 remission
492 1426 51 23 that
559 1426 42 23 did
618 1430 42 19 not
676 1426 74 30 apply

123 1464 40 24 for
182 1464 42 24 the
244 1472 116 22 program
381 1465 47 22 and
449 1465 77 22 hence
547 1472 63 16 were
631 1472 105 16 unneces-

123 1503 73 29 sarily
217 1503 108 30 charged
345 1503 44 23 full
410 1503 96 23 tuition.
527 1503 54 24 The
601 1510 87 17 reason
709 1503 41 24 the

123 1542 111 23 students
252 1549 61 23 gave
331 1542 40 23 for
388 1541 88 25 failure
493 1546 27 19 to
537 1541 75 31 apply
629 1549 50 17 was
697 1542 53 24 that

124 1581 57 28 they
205 1580 72 24 knew
300 1580 103 30 nothing
426 1580 28 24 of
476 1581 41 24 the
541 1580 128 24 remission
695 1589 42 22 pro-

123 1626 77 23 gram.

159 1657 20 24 It
198 1658 19 23 is
234 1665 58 22 easy
311 1662 26 19 to
354 1665 40 17 see
412 1658 54 29 why
486 1658 47 23 this
554 1658 17 23 is
590 1665 35 16 so.
646 1658 102 23 Neither

123 1696 41 24 the
189 1697 107 22 1967-68
318 1704 45 16 nor
384 1696 40 23 the
445 1703 54 16 new
524 1696 107 23 1968-69
655 1696 92 30 Loyola

123 1735 142 29 University
300 1735 114 23 bulletins
449 1742 71 22 carry
555 1742 48 23 any
638 1735 109 23 mention

123 1774 153 23 whatsoever
288 1774 28 23 of
327 1774 40 23 the
380 1774 128 22 remission
521 1781 123 22 program.

159 1827 48 23 For
221 1827 111 23 students
347 1830 26 19 to
387 1826 72 23 know
475 1826 29 23 of
517 1826 42 24 the
574 1826 117 23 financial
707 1826 40 23 aid

122 1866 49 23 and
189 1866 133 23 assistance
339 1865 119 23 available
476 1869 26 19 to
520 1865 74 24 them,
612 1865 41 23 the
671 1864 64 23 infor-

123 1904 93 23 mation
234 1909 64 18 must
316 1904 52 23 first
386 1903 29 24 be
432 1904 148 29 adequately
597 1903 135 30 promulgat-

122 1943 37 23 ed.
176 1943 58 23 This
251 1943 109 23 includes
377 1946 42 19 not
435 1942 59 29 only
509 1942 41 23 the
566 1942 98 23 student
681 1949 65 16 news

123 1982 82 23 media
228 1988 32 16 on
283 1988 111 22 campus,
419 1981 42 23 but
486 1980 95 24 official
607 1980 140 29 University

122 2020 165 29 publications
303 2024 26 19 to
344 2019 155 30 prospective
515 2019 110 23 students
642 2026 26 16 as
684 2019 62 23 well.

123 2059 64 22 Now
207 2059 50 22 that
278 2059 41 22 the
339 2059 93 22 former
452 2058 43 23 has
515 2058 62 23 been
598 2065 56 16 seen
676 2061 32 20 to,
730 2057 17 24 it

835 878 19 22 is
876 878 59 23 time
957 878 39 23 for
1017 878 40 23 the
1080 878 207 24 Administration
1310 884 25 18 to
1356 883 56 18 turn
1435 883 26 19 to

836 916 41 23 the
892 917 79 23 latter.
987 917 128 29 Although
1132 917 17 23 it
1165 917 19 23 is
1200 921 42 19 too
1258 917 46 23 late
1321 921 25 19 to
1362 917 98 23 include

836 955 41 23 the
891 955 161 23 information
1067 955 28 23 of
1108 955 41 23 the
1163 955 128 24 remission
1304 962 116 23 program
1435 955 24 24 in

836 994 40 23 the
897 994 108 22 1968-69
1023 994 110 27 bulletin,
1151 994 18 23 it
1186 994 82 23 would
1286 999 41 18 not
1346 994 30 24 be
1393 994 57 23 diffi-

835 1032 50 23 cult
904 1036 26 19 to
948 1039 119 22 compose
1087 1040 14 16 a
1120 1033 201 29 supplementary
1342 1033 104 23 informa-

835 1071 52 23 tion
911 1075 25 19 to
958 1071 32 23 be
1012 1071 115 23 included
1151 1071 49 23 and
1223 1071 89 23 mailed
1336 1076 42 18 out
1402 1072 57 23 with

836 1110 42 22 the
889 1116 53 16 new
954 1110 102 22 bulletin
1068 1110 47 23 this
1128 1110 89 29 spring.

871 1154 126 30 Although
1023 1162 13 16 a
1061 1155 200 29 supplementary
1285 1155 67 23 sheet
1377 1156 82 23 would

836 1193 30 23 be
879 1200 15 16 a
907 1193 64 29 good
987 1193 52 23 first
1054 1198 60 25 step,
1131 1201 67 15 more
1213 1193 74 23 needs
1300 1198 27 18 to
1341 1193 29 23 be
1385 1194 72 24 done.

836 1232 35 22 As
894 1232 14 22 it
931 1232 84 23 stands
1038 1239 63 17 now,
1125 1232 40 24 the
1188 1232 161 23 information
1371 1232 25 24 in
1419 1233 41 24 the

835 1270 100 23 bulletin
951 1271 152 29 concerning
1117 1271 97 23 student
1229 1270 166 30 scholarships
1410 1272 49 22 and

836 1309 116 23 financial
980 1309 40 23 aid
1050 1309 17 23 is
1095 1309 101 29 sketchy
1225 1310 47 22 and
1301 1309 157 30 incomplete.

836 1348 140 26 Moreover,
990 1348 39 23 the
1043 1348 120 23 inclusion
1177 1348 23 22 in
1213 1348 40 23 the
1266 1348 138 30 Campaign
1419 1348 40 24 for

836 1386 144 23 Excellence
1007 1386 41 23 for
1073 1386 126 24 increased
1225 1387 100 23 student
1349 1387 41 23 aid
1415 1387 44 24 has

835 1425 119 29 probably
987 1425 105 23 resulted
1125 1425 23 23 in
1180 1430 83 18 recent
1294 1425 108 30 changes
1434 1425 25 25 in

835 1468 103 18 amount
958 1463 28 23 of
1007 1463 40 24 aid
1069 1463 120 24 available
1211 1464 48 23 and
1281 1464 134 30 eligibility.
1438 1464 21 24 It

835 1502 81 23 would
936 1502 29 23 be
984 1507 26 18 to
1028 1502 41 24 the
1089 1502 137 30 advantage
1245 1502 29 23 of
1293 1503 42 23 the
1354 1503 90 23 Univer-

834 1541 53 28 sity,
904 1541 29 22 its
949 1541 110 22 students
1076 1541 48 23 and
1142 1541 154 29 prospective
1312 1541 111 24 students
1441 1542 19 23 if

834 1579 40 23 the
893 1579 158 30 Scholarship
1072 1579 151 24 Committee
1243 1580 48 23 and
1312 1580 41 23 the
1373 1580 85 24 Office

834 1618 28 22 of
879 1618 124 23 Financial
1022 1618 48 23 Aid
1088 1618 81 23 would
1187 1618 79 25 revise
1281 1619 41 23 the
1339 1619 105 24 informa-

833 1657 52 23 tion
913 1657 23 22 in
966 1657 41 24 the
1034 1657 102 23 bulletin
1166 1657 23 23 in
1218 1658 154 23 accordance
1400 1658 57 23 with

834 1702 47 22 any
898 1695 107 30 changes
1023 1695 72 24 made
1113 1696 48 23 and
1178 1696 99 23 include
1294 1696 60 24 such
1372 1696 86 23 details

833 1741 25 16 as
894 1734 81 23 would
1011 1734 69 24 leave
1115 1741 34 16 no
1183 1734 89 24 doubts
1307 1735 151 30 concerning

834 1777 115 18 amounts
962 1773 48 23 and
1022 1773 133 29 eligibility.

867 1825 121 25 Granted,
1005 1825 46 23 this
1068 1826 82 23 would
1167 1826 56 23 take
1239 1829 68 20 extra
1324 1826 67 23 work
1409 1826 47 23 and

833 1863 82 23 would
934 1864 96 23 involve
1049 1871 69 17 more
1134 1868 53 19 cost
1205 1864 24 23 in
1247 1864 40 24 the
1304 1864 152 30 publication

832 1903 28 22 of
879 1902 39 24 the
938 1903 109 23 bulletin.
1067 1903 130 25 However,
1216 1903 17 23 it
1253 1903 18 23 is
1289 1902 58 30 only
1365 1903 47 23 fair
1431 1906 25 20 to

833 1940 41 23 the
891 1940 111 23 students
1020 1940 52 23 that
1089 1939 106 23 detailed
1214 1939 48 23 and
1280 1938 124 30 complete
1420 1938 25 23 in-

834 1978 134 24 formation
984 1978 30 23 be
1030 1978 72 24 made
1117 1977 127 24 available.
1261 1977 20 23 It
1297 1977 82 23 would
1395 1983 31 23 go
1442 1984 13 15 a

834 2017 57 29 long
907 2024 53 22 way
975 2017 107 23 towards
1097 2016 152 30 eliminating
1264 2016 40 23 the
1320 2016 135 29 anguished

835 2055 95 24 remark
982 2062 74 16 never
1068 2055 70 23 knew
1150 2055 74 23 about

207 2286 166 96 U.S.
419 2286 206 95 faces
669 2284 203 97 'hard
916 2282 310 97 choices'

207 2411 247 112 calling
503 2409 115 94 for
664 2409 274 111 change
986 2406 79 93 of
1115 2406 135 92 will

122 2161 158 46 Ferret
324 2160 214 57 Guillory

156 2575 53 23 The
226 2575 52 22 best
296 2580 86 17 reason
401 2574 39 23 for
458 2574 39 23 the
517 2573 91 23 United
626 2573 78 22 States
722 2576 26 19 to

123 2614 71 29 begin
215 2613 160 29 disengaging
395 2612 65 23 itself
480 2612 66 23 from
568 2612 115 22 Vietnam
704 2611 43 22 has

122 2652 62 23 been
205 2652 70 29 given
298 2652 31 28 by
348 2651 41 23 the
412 2650 145 24 President's
577 2649 169 24 Commission

122 2698 32 16 on
171 2691 64 23 Civil
253 2690 126 23 Disorder.
397 2689 52 24 The
466 2688 181 24 commission's
666 2691 82 26 report

121 2730 43 23 did
186 2734 42 18 not
251 2729 109 23 mention
384 2729 116 23 Vietnam
522 2727 49 23 and
593 2727 17 23 it
632 2726 49 24 had
704 2733 29 16 no-

122 2768 69 29 thing
209 2772 27 19 to
253 2768 34 22 do
305 2767 153 29 specifically
478 2766 57 24 with
556 2766 123 23 Vietnam.
701 2765 46 23 But

122 2807 60 23 until
203 2807 40 23 the
263 2806 91 23 United
374 2806 78 23 States
472 2804 140 30 recognizes
634 2804 63 23 what
718 2804 28 22 its

123 2846 167 23 involvement
311 2845 24 23 in
356 2845 115 22 Vietnam
493 2844 19 23 is
531 2843 76 29 doing
628 2846 26 20 to
673 2842 72 25 itself,

122 2884 47 23 this
182 2888 106 24 country
303 2883 46 23 will
363 2883 117 23 continue
496 2883 39 22 for
549 2890 14 15 a
576 2881 58 30 long
648 2881 58 23 time
720 2885 25 19 to

122 2923 145 29 experience
292 2922 99 24 violent,
417 2921 57 29 ugly
498 2920 103 24 internal
627 2919 68 24 strife
721 2927 25 16 as

122 2961 111 23 outlined
247 2961 23 23 in
283 2961 41 23 the
336 2964 88 25 report.

156 3013 53 24 The
231 3012 161 24 commission
416 3011 92 23 blames
532 3011 89 22 racism
645 3010 39 23 for
706 3010 41 23 the

121 3052 118 23 divisions
260 3050 29 24 of
309 3050 93 29 society
424 3050 83 22 within
529 3049 41 23 the
590 3052 112 25 country.
726 3048 19 24 It

123 3098 79 16 warns
218 3090 52 23 that
286 3097 14 15 a
314 3089 138 28 dangerous
469 3093 56 24 type
541 3088 28 23 of
585 3087 160 29 polarization

124 3130 18 22 is
154 3129 84 29 taking
249 3128 78 30 place.

244 3173 86 23 nation
349 3172 18 23 is
387 3172 99 29 moving
505 3171 94 23 toward
618 3176 49 17 two
685 3170 50 23 soci-

121 3213 68 25 eties,
211 3219 48 17 one
281 3211 80 26 black,
385 3218 46 16 one
454 3210 219 28 whiteseparate
696 3209 49 23 and

271 3250 41 24 the
329 3249 160 23 commission
506 3253 73 18 states
596 3249 22 22 in
637 3249 28 22 its
684 3252 62 18 most

122 3289 142 30 oft-quoted
276 3288 97 30 phrase.

158 3336 46 22 But
223 3334 40 24 the
281 3333 161 24 commission
463 3332 136 23 continues:
690 3337 43 23 pur-

121 3381 44 16 sue
179 3381 46 15 our
240 3376 98 26 present
353 3378 88 17 course
457 3370 47 23 will
521 3370 95 23 involve
632 3370 41 22 the
687 3376 44 16 con-

121 3412 97 29 tinuing
237 3411 162 30 polarization
419 3409 28 23 of
467 3409 40 23 the
527 3409 132 22 American
679 3414 51 17 com-

122 3451 95 28 munity
239 3450 56 25 and,
318 3448 144 29 ultimately,
485 3448 40 22 the
547 3447 149 22 destruction
719 3446 27 23 of

123 3489 66 24 basic
201 3488 152 24 democratic

155 3535 60 23 This
232 3534 44 23 last
295 3533 130 30 quotation
443 3532 75 23 needs
536 3530 94 24 careful
650 3530 84 22 evalua-

122 3574 59 22 tion.
209 3573 57 23 And
291 3572 57 23 here
375 3572 18 22 is
419 3571 82 23 where
526 3570 116 23 Vietnam
667 3573 80 18 enters

121 3613 42 22 the
182 3612 101 29 picture.
303 3611 74 22 What
396 3610 19 23 is
435 3609 142 29 happening
598 3608 18 22 is
635 3608 51 22 that
707 3608 39 22 the

123 3651 66 23 basic
213 3649 151 24 democratic
389 3648 84 23 values
496 3647 28 23 of
548 3647 41 23 the
614 3646 133 22 American

121 3690 94 28 society
237 3696 41 16 are
299 3687 104 30 eroding
425 3690 22 20 at
470 3686 43 23 the
534 3692 67 16 same
624 3685 60 23 time
707 3685 41 22 the

124 3727 91 24 United
230 3727 78 23 States
320 3726 20 23 is
353 3726 97 29 putting
463 3724 97 23 billions
574 3723 28 23 of
615 3723 91 23 dollars
720 3722 29 24 of

122 3766 76 24 effort
225 3766 48 23 and
299 3765 41 23 the
365 3764 59 23 lives
449 3763 28 23 of
502 3762 137 24 thousands
664 3761 29 23 of
717 3761 30 23 its

124 3812 82 22 young
221 3811 55 16 men
294 3804 53 23 into
360 3811 15 15 a
389 3806 102 19 venture
507 3806 25 19 to
546 3800 116 24 establish
679 3806 69 17 some

123 3847 58 26 type
192 3843 28 23 of
231 3843 149 27 democracy
391 3841 23 22 in
428 3840 103 23 another
542 3844 113 24 country.

157 3889 39 22 To
214 3888 29 23 be
261 3894 64 20 sure,
344 3887 41 24 the
404 3886 92 24 United
515 3885 78 24 States
612 3884 44 23 has
676 3884 70 29 given

122 3928 71 22 other
217 3926 174 29 justifications
418 3925 38 23 for
474 3924 72 29 being
572 3925 23 21 in
622 3923 123 23 Vietnam.

125 3966 46 23 But
187 3966 41 23 the
246 3966 51 22 fact
312 3964 107 23 remains
437 3963 52 23 that
507 3962 71 23 while
596 3962 40 23 the
655 3961 92 24 United

123 4005 79 22 States
216 4004 74 29 fights
303 4004 24 23 in
341 4003 115 22 Vietnam
471 4002 29 23 its
512 4008 56 16 own
582 4000 87 30 people
684 4000 62 29 fight

123 4043 25 23 in
165 4043 42 23 the
223 4045 85 20 streets
309 4041 121 29 hardly
449 4048 14 16 a
480 4039 151 24 democratic
650 4045 53 22 way
721 4043 25 18 to

123 4088 32 22 go
166 4081 76 23 about
253 4080 88 30 things.

158 4126 53 23 The
226 4126 160 23 commission
403 4132 55 22 says
474 4124 68 23 there
558 4124 20 23 is
595 4130 30 16 an
643 4123 91 23 alterna-

123 4165 48 23 tive
191 4169 25 18 to
235 4164 74 23 racial
330 4163 169 30 polarization:
576 4162 20 23 is
616 4161 40 24 the
678 4161 57 23 reali-

124 4204 82 22 zation
218 4203 28 23 of
257 4209 118 17 common
387 4201 180 30 opportunities
581 4200 38 23 for
633 4200 30 23 all
678 4199 54 23 with-

124 4243 24 22 in
160 4249 14 16 a
185 4241 76 29 single

452 4285 41 23 the
519 4284 160 24 commission
706 4290 27 16 ex-

123 4325 86 30 plains,
314 4324 97 29 require
431 4331 13 16 a
464 4323 173 24 commitment
658 4327 25 19 to
703 4329 29 17 na-

123 4364 75 23 tional
222 4362 324 30 actioncompassionate,
571 4361 103 23 massive
697 4360 49 24 and

122 4403 131 25 sustained,
276 4402 95 23 backed
393 4401 32 29 by
447 4401 40 23 the
508 4406 126 17 resources
656 4399 28 23 of
704 4399 41 24 the

124 4445 64 19 most
200 4441 120 29 powerful
332 4440 49 23 and
394 4439 41 24 the
447 4439 89 23 richest
548 4439 92 23 Nation
653 4445 32 16 on
697 4437 48 24 this

121 4480 77 23 earth.
217 4480 74 22 From
308 4485 72 23 every
397 4478 134 23 American
550 4477 16 23 it
584 4477 46 23 will
649 4476 96 29 require

123 4525 53 16 new
210 4518 121 25 attitudes,
365 4524 54 16 new
453 4515 201 29 understanding,
689 4515 56 26 and,

122 4557 79 22 above
214 4556 38 26 all,
265 4563 53 16 new

156 4601 53 23 The
235 4601 110 29 problem
372 4601 18 23 is
415 4601 53 23 that
492 4607 28 16 so
546 4599 73 23 much
645 4598 28 23 of
698 4598 47 24 this

121 4640 125 29 country's
268 4640 46 22 will
336 4640 47 22 and
405 4639 120 23 attention
547 4639 19 23 is
588 4637 102 24 focused
712 4645 32 16 on

121 4679 124 22 Vietnam.
263 4678 51 23 Not
330 4678 97 28 enough
445 4678 18 23 is
480 4677 72 29 being
569 4676 87 24 turned
673 4680 26 19 to
714 4676 30 23 its

121 4724 55 16 own
190 4716 102 23 internal
306 4716 151 23 difficulties.

155 4762 80 28 Many
255 4765 161 25 government
437 4762 93 22 leaders
552 4760 118 24 maintain
693 4760 51 23 that

120 4801 40 23 the
184 4800 92 23 United
300 4800 78 22 States
401 4806 46 16 can
471 4800 146 28 monetarily
640 4803 103 25 support

121 4840 40 23 the
176 4845 50 17 war
240 4839 24 23 in
281 4839 115 22 Vietnam
412 4838 48 23 and
474 4838 40 23 the
529 4844 50 17 war
593 4844 32 17 on
641 4840 102 26 poverty

120 4882 23 19 at
160 4878 81 22 home.
261 4878 74 22 What
353 4877 67 23 these
438 4876 94 23 leaders
551 4876 41 23 fail
612 4880 25 19 to
655 4876 87 23 realize

121 4916 18 23 is
161 4916 59 26 that,
243 4922 63 17 even
329 4915 19 23 if
370 4915 41 23 the
435 4919 127 25 monetary
585 4914 115 24 situation
724 4914 19 23 is

120 4955 67 25 such,
204 4955 39 22 ihe
258 4955 84 22 nation
357 4954 46 23 will
420 4957 43 19 not
478 4953 29 23 be
522 4953 90 29 willing
625 4957 26 19 to
664 4953 77 29 spend

121 4993 29 23 all
164 4993 40 23 the
216 4999 130 22 necessary
358 4999 91 22 money
463 4991 59 23 until
537 4992 16 22 it
566 4992 42 23 has
621 4999 15 15 a
647 4992 95 29 change

119 5032 28 23 of
168 5032 115 23 attitudes
306 5032 47 22 and
376 5032 116 22 becomes
514 5037 69 17 more
605 5030 138 24 concerned

121 5071 56 22 with
204 5070 40 23 the
268 5070 78 28 decay
369 5070 25 23 in
419 5069 41 24 the
485 5068 68 24 cities
579 5069 81 23 rather
684 5069 57 23 than

121 5109 122 23 Vietnam.

154 5148 47 22 But
220 5154 68 16 more
308 5147 57 23 than
384 5147 41 23 the
444 5147 48 23 will
512 5151 26 19 to
556 5146 77 30 spend
654 5153 89 22 money

120 5186 17 23 is
154 5186 78 23 called
249 5185 47 24 for.
313 5185 52 24 The
385 5185 158 28 Washington
561 5186 58 22 Post
635 5185 44 23 has
695 5184 47 29 just

119 5224 140 29 completed
274 5231 14 16 a
302 5224 123 29 four-part
439 5224 74 23 series
526 5231 32 16 on
574 5223 64 23 what
653 5223 15 23 it
683 5223 59 23 calls

119 5263 40 23 the
450 5262 53 23 The
526 5266 93 25 reports
642 5262 99 23 showed

832 2571 51 23 that
905 2577 68 16 some
996 2569 56 24 U.S.
1075 2569 67 23 cities
1164 2575 41 17 are
1227 2569 92 28 buying
1341 2568 114 23 armored

832 2609 106 23 vehicles
961 2608 49 24 and
1033 2608 121 29 powerful
1179 2610 157 21 armaments,
1362 2606 81 23 includ-

832 2648 41 29 ing
896 2647 114 29 artillery,
1032 2651 27 18 to
1081 2646 54 23 deal
1159 2646 57 23 with
1239 2645 119 29 expected
1381 2644 74 24 racial

832 2685 176 24 disturbances.
1025 2685 39 23 On
1081 2685 39 22 the
1137 2683 237 30 Huntley-Brinkley
1390 2690 65 16 news

833 2724 68 23 show
926 2724 45 23 last
996 2724 68 22 week
1088 2730 31 16 an
1144 2722 116 30 ordinary
1286 2721 135 24 housewife

833 2763 47 23 like
900 2769 61 22 your
982 2762 96 23 mother
1098 2768 27 17 or
1145 2762 40 23 the
1205 2761 56 29 lady
1282 2764 56 19 next
1358 2760 98 23 door

832 2801 129 30 explained
994 2801 109 28 casually
1136 2800 56 23 how
1223 2799 43 24 she
1299 2806 49 16 was
1381 2798 75 30 going

831 2840 75 22 about
924 2840 85 28 taking
1026 2838 200 30 pistol-shooting
1244 2838 99 23 lessons.
1364 2838 91 28 Mayor

831 2878 154 29 Cavanaugh
1007 2878 28 23 of
1058 2877 96 23 Detroit
1176 2876 49 24 had
1247 2881 26 18 to
1295 2883 32 22 go
1348 2883 32 16 on
1403 2875 53 24 that

830 2917 69 28 city's
918 2917 126 22 television
1065 2916 101 23 stations
1186 2915 44 23 last
1250 2914 68 23 week
1337 2919 26 18 to
1383 2914 70 29 plead

833 2956 56 22 with
903 2956 29 22 its
944 2955 99 23 citizens
1055 2958 27 19 to
1092 2958 56 25 stop
1159 2953 92 29 buying
1263 2960 67 22 guns.

866 3007 75 23 From
963 3006 47 24 this
1032 3013 47 16 one
1100 3013 46 15 can
1169 3012 40 16 see
1230 3006 60 24 that,
1312 3005 24 23 in
1360 3012 13 16 a
1396 3011 57 22 very

831 3045 79 24 subtle
926 3052 61 22 way,
1004 3044 116 23 Vietnam
1137 3044 18 23 is
1170 3044 132 29 poisoning
1317 3043 41 23 the
1374 3043 79 23 minds

831 3084 28 23 of
873 3090 74 23 many
961 3083 154 23 Americans.
1131 3083 72 22 Guns
1218 3082 80 23 rather
1313 3082 58 23 than
1386 3088 51 16 com-

832 3123 98 29 passion
946 3129 66 16 seem
1031 3129 67 16 more
1116 3121 87 29 logical
1220 3126 26 18 to
1263 3127 73 22 many
1353 3120 90 23 basical-

831 3162 23 28 ly
875 3161 181 28 well-meaning
1076 3160 107 23 citizens.
1206 3160 21 22 A
1249 3159 95 29 change
1365 3158 28 24 of
1413 3158 31 24 cli-

832 3204 72 22 mate,
933 3199 29 23 of
991 3199 76 22 moral
1099 3198 164 29 atmosphere,
1292 3197 21 23 is
1342 3196 112 30 urgently

833 3238 100 23 needed.

954 3283 56 22 vital
1032 3282 62 23 need
1115 3282 28 22 of
1163 3282 40 22 the
1225 3281 92 23 Nation
1340 3284 62 19 must
1424 3280 29 23 be

924 3321 41 23 the
984 3320 161 24 commission
1165 3326 62 22 says.
1354 3318 99 24 choices

833 3365 63 18 must
909 3360 29 23 be

866 3405 118 23 Included
1009 3405 23 22 in
1057 3404 67 23 these
1389 3407 63 18 must

832 3444 29 24 be
879 3451 15 16 a
910 3443 100 29 turning
1027 3449 69 22 away
1115 3442 65 22 from
1199 3442 115 22 Vietnam
1333 3445 25 19 to
1377 3448 14 16 a
1408 3440 36 29 sig-

831 3482 103 24 nificant
955 3482 96 29 degree.
1073 3481 53 24 The
1149 3480 91 23 United
1263 3480 77 23 States
1362 3482 92 20 cannot

831 3525 87 25 expect
943 3520 28 23 its
996 3519 100 24 citizens
1121 3524 27 18 to
1170 3519 61 22 shed
1255 3517 147 24 themselves
1427 3516 28 24 of

832 3559 87 23 racism
941 3558 70 23 while
1032 3558 56 29 they
1109 3565 41 16 are
1170 3564 28 16 so
1217 3556 140 24 concerned
1378 3556 75 23 about

834 3597 104 29 fighting
949 3597 41 23 the
1002 3596 55 23 Viet
1069 3596 79 29 Cong.

866 3642 131 23 Whatever
1017 3641 61 24 their
1098 3641 91 26 merits,
1210 3641 40 22 the
1270 3640 184 23 commitments

833 3680 28 23 of
876 3680 40 23 the
932 3680 90 23 United
1038 3680 78 23 States
1131 3679 47 22 will
1195 3679 34 22 do
1244 3685 33 16 no
1291 3678 66 29 good
1373 3678 80 23 unless

833 3719 66 23 there
916 3720 19 21 is
953 3727 13 14 a
982 3723 84 24 strong
1082 3722 105 24 country
1204 3722 26 18 to
1247 3717 62 23 back
1327 3717 66 23 them
1413 3723 39 23 up.

833 3758 23 21 A
871 3761 104 24 country
989 3757 98 22 divided
1102 3757 31 28 by
1148 3756 88 23 racism
1252 3756 17 23 is
1285 3759 42 20 not
1342 3762 14 16 a
1370 3759 84 25 strong

833 3800 111 24 country.
960 3795 52 23 The
1028 3795 91 23 United
1135 3795 77 22 States
1226 3797 93 20 cannot
1334 3793 73 23 fulfill
1425 3793 28 24 its

833 3834 184 23 commitments
1040 3838 25 18 to
1087 3834 81 22 others
1192 3833 58 23 until
1275 3832 16 23 it
1316 3831 86 23 fulfills
1426 3831 28 23 its

833 3872 184 23 commitments
1030 3875 26 20 to
1066 3871 72 24 itself.

867 3917 59 23 This
945 3917 125 28 country's
1088 3916 88 23 efforts
1196 3922 25 17 to
1240 3922 57 17 save
1317 3916 41 23 the
1378 3915 76 23 world

833 3956 65 23 from
919 3955 166 23 communism
1106 3955 47 22 will
1174 3955 29 22 he
1225 3955 89 22 useless
1335 3954 80 23 unless
1435 3954 18 23 it

832 4001 46 17 can
898 4001 58 16 save
977 3993 65 23 itself
1061 3993 65 23 from
1147 3993 40 23 the
1207 3999 81 17 snares
1308 3993 28 23 of
1357 3992 95 24 racism.

831 4033 53 24 The
904 4032 92 23 United
1015 4032 78 23 States
1112 4031 47 23 will
1178 4035 42 19 not
1239 4031 29 24 be
1287 4038 30 16 an
1336 4030 117 24 effective

832 4071 83 24 leader
935 4071 81 22 unless
1036 4070 18 23 it
1074 4077 46 16 can
1141 4069 90 24 exhibit
1252 4077 14 16 a
1286 4069 74 23 social
1381 4069 74 23 order

833 4110 127 23 untainted
973 4110 32 28 by
1018 4116 14 16 a
1043 4108 106 24 division
1161 4107 28 24 of
1201 4107 85 24 whites
1298 4108 49 23 and
1360 4107 92 23 blacks.

866 4155 52 23 The
932 4154 146 23 President's
1090 4153 158 23 commission
1264 4153 82 22 makes
1359 4153 17 23 it
1387 4152 66 23 clear

832 4194 51 23 that
899 4193 141 28 something
1055 4195 65 20 must
1135 4191 101 29 change.
1253 4191 57 23 And
1325 4190 47 24 this
1388 4190 67 24 basic

830 4232 95 29 change
949 4236 64 18 must
1036 4231 30 23 be
1088 4237 48 16 one
1159 4236 69 22 away
1251 4229 64 23 from
1338 4229 114 23 Vietnam

832 4270 94 24 toward
938 4270 41 23 the
991 4269 135 23 American
1137 4267 76 24 cities.

1661 2680 332 130 'Bad
2069 2726 383 84 news
2523 2685 108 124 is
2697 2680 268 129 still
3043 2726 386 84 news
3436 2683 22 38 .

1542 2540 86 57 Ed
1672 2538 338 63 Anderson

1573 2866 28 22 In
1621 2870 81 18 recent
1722 2865 88 26 weeks,
1830 2865 41 23 the
1890 2866 108 22 Maroon
2017 2865 44 23 has
2081 2865 80 23 found

1540 2910 74 22 many
1630 2910 68 17 more
1712 2904 81 23 critics
1794 2904 84 23 and
1894 2908 43 19 not
1951 2904 48 28 just
2015 2910 90 23 among
2120 2904 40 23 the

1539 2943 97 22 student
1651 2942 73 29 body.
1740 2942 74 23 Some
1829 2942 122 23 members
1966 2942 28 23 of
2008 2942 40 23 the
2065 2942 82 23 univer-

1539 2981 45 29 sity
1609 2981 204 26 administration,
1838 2981 101 28 faculty,
1964 2981 48 23 and
2036 2981 61 23 staff
2120 2987 41 17 are

1539 3020 132 29 beginning
1687 3024 25 19 to
1728 3019 69 24 voice
1813 3019 157 29 disapproval
1987 3023 24 20 at
2027 3019 41 24 the
2084 3026 76 22 paper

1540 3058 38 23 for
1593 3058 107 29 printing
1713 3058 92 23 certain
2027 3058 87 23 stories
2128 3065 32 16 on

1540 3098 28 22 its
1580 3103 148 22 newspages.

1573 3142 58 22 This
1650 3142 19 22 is
1687 3146 41 18 not
1745 3142 49 28 just
1812 3148 41 22 my
1871 3148 55 16 own
1946 3141 113 29 personal
2079 3141 69 23 obser-

1539 3181 92 26 vation;
1652 3180 21 23 if
1694 3180 17 23 it
1733 3186 71 22 were,
1825 3180 19 23 it
1865 3180 78 29 might
1964 3180 75 28 easily
2062 3180 29 23 be
2113 3180 36 23 dis-

1540 3219 88 23 missed
1649 3226 25 16 as
1693 3219 101 23 touches
1814 3219 29 22 of
1861 3219 119 29 paranoia
2000 3219 25 22 in
2045 3218 47 23 this
2111 3219 38 22 col-

1539 3258 97 22 umnist.
1656 3258 46 22 But
1720 3264 41 22 my
1778 3258 82 22 fellow
1877 3258 217 28 journaliststhe
2112 3261 37 19 stu-

1538 3297 58 23 dent
1617 3301 122 25 reporters
1761 3297 47 22 and
1829 3297 92 22 editors
1943 3296 55 23 who
2019 3296 77 23 crank
2118 3300 43 19 out

1539 3335 45 23 this
1600 3335 92 29 weekly
1706 3335 282 29 publicationconcur
2002 3334 57 23 with
2074 3341 39 16 me
2127 3341 32 16 on

1539 3374 53 23 this.
1610 3374 80 23 There
1705 3374 21 22 is
1743 3381 13 15 a
1772 3374 105 22 definite
1893 3373 90 29 feeling
2000 3373 28 23 of
2045 3373 104 29 displeas-

1540 3419 42 17 ure
1595 3412 130 30 expressed
1739 3412 32 28 by
1785 3418 69 17 some
1868 3412 122 23 members
2004 3411 29 24 of
2045 3411 41 24 the-

1539 3451 97 29 iversity
1772 3455 23 18 at
1812 3451 42 22 the
1870 3451 109 22 Maroon
1998 3450 39 23 for
2055 3450 106 29 running

1744 3489 92 23 stories.

1573 3534 52 24 The
1643 3535 107 22 Maroon
1771 3534 18 23 is
1808 3538 43 18 not
1870 3533 79 23 afraid
1968 3533 28 23 of
2015 3533 72 29 being
2105 3532 45 24 crit-

1540 3573 83 27 icized,
1641 3573 109 23 whether
1766 3573 17 23 it
1800 3573 20 22 is
1838 3573 32 29 by
1888 3572 202 25 administrators,
2109 3571 39 24 fac-

1540 3612 57 29 ulty,
1613 3619 29 16 or
1656 3611 118 23 students.
1792 3612 140 25 Moreover,
1949 3611 17 22 it
1982 3611 131 22 welcomes
2130 3610 29 23 all

1539 3651 122 23 members
1679 3650 29 23 of
1726 3650 41 23 the
2075 3653 27 19 to
2120 3655 27 17 ex-

1539 3696 67 22 press
1620 3689 63 23 their
1697 3689 73 22 views
1786 3688 129 29 regarding
1929 3694 47 17 our
1991 3687 94 29 weekly
2100 3687 46 29 pub-

1539 3728 99 23 lication
1658 3727 48 23 and
1727 3727 28 23 its
1775 3730 107 19 content.
1904 3727 55 25 Yet,
1979 3726 65 23 what
2065 3726 10 23 I
2095 3726 65 23 can't

1540 3766 149 23 understand
1712 3766 20 22 is
1755 3766 96 28 simply:
1877 3765 62 28 Why
1963 3771 41 17 are
2027 3771 46 17 our
2097 3771 48 17 new-

1539 3805 78 23 found
1638 3805 81 22 critics
1739 3804 97 28 finding
1856 3804 63 23 fault
1939 3804 58 23 with
2018 3810 46 16 our
2085 3803 63 29 print-

1540 3844 38 28 ing
1592 3843 28 23 of
1634 3850 73 19 news,
1722 3843 80 22 which
1816 3843 57 28 they
1888 3845 60 20 term
1964 3842 156 23 detrimental
2135 3845 25 20 to

1539 3882 39 23 the

1573 3926 46 29 (By
1869 3931 74 19 news,
1971 3923 11 23 I
2010 3922 151 24 understand

1539 3965 67 23 them
1623 3969 27 18 to
1667 3970 72 17 mean
1756 3964 42 23 the
1816 3968 50 19 two
1882 3962 86 24 stories
1987 3962 97 29 dealing
2102 3961 58 23 with

1538 4003 41 24 the
1603 4007 81 19 recent
1708 4005 76 20 arrest
1807 4002 29 23 of
1859 4001 95 29 Loyola
1976 4000 119 26 students,
2120 3999 41 24 the

1539 4042 128 28 fraternity
1799 4040 89 30 played
1910 4046 33 16 on
1967 4047 14 15 a
2004 4039 85 29 Negro
2112 4042 37 19 stu-

1538 4081 58 22 dent
1615 4081 48 22 and
1682 4080 40 23 the
1740 4079 69 27 like.)
1832 4078 116 29 Perhaps,
1965 4084 46 16 our
2028 4077 81 23 critics
2127 4077 32 22 do

1539 4121 42 20 not
1601 4117 61 30 fully
1683 4116 150 24 understand
1855 4115 39 24 the
1915 4115 51 23 role
1986 4115 29 23 of
2033 4122 15 15 a
2067 4114 93 29 college

1539 4162 142 24 newspaper
1702 4163 33 15 on
1757 4155 41 23 the
1819 4160 111 23 campus.

1571 4208 39 23 To
1628 4208 72 28 begin
1720 4207 66 25 with,
1806 4213 14 17 a
1839 4205 93 30 college
1954 4211 205 23 newspaperor

1539 4253 47 22 any
1609 4252 143 22 newspaper
1775 4245 39 23 for
1836 4245 52 23 that
1910 4246 88 21 matter
1998 4242 55 24 is
2076 4242 84 23 bound

1538 4290 25 18 to
1583 4285 64 29 print
1666 4285 30 22 all
1717 4284 84 23 stories
1821 4284 51 23 that
1893 4290 40 16 are
1953 4281 28 23 of
1998 4281 162 30 significance

1539 4328 25 18 to
1581 4324 28 22 its
1626 4323 147 28 readership.
1791 4322 97 25 Notice,
1907 4321 8 22 I
1933 4320 53 24 said
2002 4319 33 24 all
2051 4326 65 17 news
2133 4319 27 23 of

1538 4362 169 28 significance;
1722 4361 46 23 this
1785 4367 84 17 means
1884 4359 59 23 both
1959 4359 65 29 good
2039 4358 48 24 and
2103 4357 55 24 bad.

1573 4401 78 22 When
1670 4407 13 16 a
1702 4406 144 22 newspaper
1863 4398 77 30 prints
1958 4398 58 29 only
2034 4404 47 16 one
2101 4396 59 24 kind

1538 4439 28 23 of
1584 4445 66 17 news
1669 4443 23 19 at
1712 4439 40 22 the
1771 4445 107 22 expense
1897 4436 27 24 of
1943 4437 41 23 the
2003 4435 78 27 other,
2100 4435 58 24 then

1540 4477 44 23 this
1602 4478 19 22 is
1638 4477 144 29 journalism
1799 4480 24 20 at
1841 4476 29 23 its
1888 4478 72 20 worst
1962 4474 114 24 stilted
2094 4474 53 29 jour-

1540 4516 94 23 nalism.
1654 4516 23 22 If
1694 4515 59 23 such
1772 4515 20 23 is
1811 4515 40 23 the
1870 4521 56 16 case
1946 4513 57 23 then
2022 4513 42 24 the
2083 4520 76 22 paper

1541 4554 54 23 isn't
1608 4554 74 29 living
1695 4561 33 22 up
1740 4557 26 20 to
1779 4553 40 23 the
1832 4551 199 31 responsibilities
2046 4551 18 24 it
2076 4551 44 23 has
2133 4555 26 19 to

1540 4592 71 26 itself,
1630 4596 42 19 not
1690 4596 27 19 to
1735 4591 109 24 mention
1863 4591 41 23 the
1923 4590 199 30 responsibilities
2142 4589 17 24 it

1540 4631 43 23 has
1600 4634 25 20 to
1640 4630 30 23 its
1686 4630 147 30 readership.
1852 4629 28 24 In
1895 4628 153 30 journalism,
2064 4628 43 24 the
2123 4627 36 25 sin

1539 4669 28 23 of
1581 4669 117 23 omission
1716 4669 17 22 is
1748 4669 48 29 just
1811 4676 26 16 as
1853 4667 112 30 grevious
1982 4675 25 15 as
2023 4667 41 23 the
2079 4666 36 23 sin
2131 4666 28 24 of

1540 4707 127 24 unfactual
1680 4707 130 29 reporting.

1572 4753 73 25 True,
1666 4759 68 16 some
1754 4752 84 23 stories
1859 4758 56 22 may
1937 4754 41 20 not
1998 4750 31 24 be
2048 4750 111 30 pleasant

1540 4796 25 19 to
1579 4791 66 24 read.
1661 4790 81 23 Those
1756 4797 69 17 same
1838 4789 86 24 stories
1940 4796 48 19 are,
2004 4789 96 26 indeed,
2117 4792 42 19 not

1538 4837 58 22 very
1621 4829 110 30 pleasant
1755 4832 25 19 to
1804 4828 75 26 write,
1904 4827 83 24 either.
2014 4827 144 23 Journalists

1539 4876 40 16 are
1595 4868 49 24 like
1659 4868 99 23 doctors
1774 4867 47 23 and
1838 4865 160 24 undertakers
1999 4865 161 30 frequent-

1538 4908 23 28 ly
1578 4907 56 29 they
1651 4906 62 23 have
1730 4909 25 19 to
1772 4905 33 23 do
1821 4913 13 15 a
1850 4904 42 30 job
1910 4904 56 29 they
1982 4904 69 23 don't
2068 4904 49 23 like
2132 4908 26 19 to

1538 4946 39 23 do.
1601 4944 171 26 Nonetheless,
1795 4944 41 23 the
1856 4943 42 29 job
1921 4943 43 23 has
1986 4947 27 19 to
2033 4942 31 24 be
2085 4942 73 23 done.

1540 4982 200 30 Unfortunately,
1761 4982 47 23 bad
1827 4989 66 16 news
1913 4981 19 23 is
1951 4981 47 23 still
2017 4988 74 20 news,
2111 4981 48 23 and

1539 5030 25 16 as
1576 5021 69 26 such,
1658 5021 17 23 it
1687 5025 64 18 must
1763 5020 30 23 be
1804 5019 121 30 reported.

1570 5068 39 23 To
1636 5066 66 31 print
1728 5065 60 30 only
1816 5064 330 30 "everything's-coming-up-

1706 5112 67 22 press
1790 5104 103 23 releases
1910 5103 66 23 from
1993 5110 13 16 a
2024 5102 83 30 public
2124 5109 24 16 re-

1538 5144 87 24 lations
1643 5143 77 24 office
1738 5143 17 23 is
1773 5146 42 20 not
1832 5142 40 23 the
1890 5141 51 23 sole
1957 5141 41 29 job
2016 5141 28 23 of
2061 5148 14 16 a
2092 5147 51 17 cam-

1538 5190 45 23 pus
1599 5188 150 23 newspaper.
1766 5181 59 23 This
1841 5181 19 23 is
1874 5180 48 30 just
1938 5187 26 16 as
1979 5179 48 24 bad
2043 5186 26 16 as
2086 5180 73 29 going

1538 5221 95 24 around
1651 5220 101 29 looking
1772 5219 39 24 for
1829 5219 48 24 and
1898 5219 92 29 hoping
2009 5223 25 19 to
2053 5218 55 23 find
2127 5218 31 23 all

1538 5260 40 23 the
1594 5259 46 23 bad
1656 5265 66 17 news
1737 5257 126 25 available.
1882 5257 22 23 If
1919 5257 40 23 the
1973 5258 109 22 Maroon
2098 5257 20 23 is
2133 5261 26 19 to

2245 2866 117 23 continue
2376 2872 25 16 as
2417 2873 13 15 a
2445 2872 144 22 newspaper
2604 2866 17 22 it
2636 2869 65 19 must
2785 2866 19 22 it
2818 2866 49 24 like

2244 2904 19 23 it
2280 2904 27 27 is.
2522 2904 66 29 good
2606 2904 48 23 and
2673 2904 55 23 bad.

2279 2943 34 22 As
2335 2949 50 16 was
2407 2943 142 22 mentioned
2571 2943 24 22 in
2617 2949 15 16 a
2653 2946 84 19 recent
2756 2943 109 22 Maroon

2245 2981 119 27 editorial,
2382 2987 96 17 rumors
2495 2988 40 16 are
2550 2982 147 28 dangerous.
2715 2981 23 23 If
2754 2981 40 23 the
2810 2981 58 23 wild

2245 3026 96 17 rumors
2363 3019 52 24 that
2436 3020 135 23 circulated
2593 3026 91 22 among
2705 3019 42 24 the
2769 3019 99 24 student

2246 3059 64 28 body
2329 3058 152 29 concerning
2500 3058 41 24 the
2561 3062 76 19 arrest
2656 3058 29 23 of
2704 3062 49 19 two
2773 3058 95 29 Loyola

2244 3097 110 23 students
2373 3103 65 17 were
2456 3097 87 28 spread
2562 3103 26 17 as
2607 3097 66 23 truth
2694 3101 25 19 to
2738 3097 127 26 outsiders,

2245 3135 57 23 then
2327 3135 41 23 the
2393 3135 134 29 university
2550 3135 78 29 might
2654 3135 53 23 well
2732 3135 62 23 have
2818 3134 49 24 had

2244 3180 73 17 cause
2336 3177 27 20 to
2381 3180 80 23 worry
2480 3173 76 24 about
2576 3173 29 24 its
2625 3173 86 30 image.
2733 3172 73 24 What
2825 3173 42 24 the

2245 3213 108 22 Maroon
2368 3212 129 29 published
2512 3219 25 16 as
2551 3212 51 23 fact
2617 3212 48 23 and
2678 3211 66 24 what
2758 3218 49 17 was
2821 3211 35 24 cir-

2244 3251 97 23 culated
2359 3257 92 23 among
2467 3251 111 23 students
2596 3258 26 16 as
2639 3251 43 23 the
2800 3254 67 26 story

2246 3295 63 17 were
2320 3296 26 16 as
2357 3288 119 24 different
2488 3296 25 16 as
2525 3288 69 30 night
2606 3289 48 23 and
2666 3289 55 29 day.

2279 3327 93 25 Hence,
2392 3327 42 24 the
2666 3331 67 25 story
2753 3327 52 23 that
2825 3334 28 23 ap-

2245 3366 90 29 peared
2357 3373 33 16 on
2413 3373 62 22 page
2498 3373 47 16 one
2568 3366 27 23 of
2618 3366 41 24 the
2682 3372 75 23 paper
2780 3372 50 17 was
2853 3373 15 16 a

2245 3404 91 23 factual
2364 3407 106 21 account
2497 3404 66 23 from
2589 3403 97 24 official
2713 3411 99 16 sources
2839 3403 28 24 of

2245 3443 64 23 what
2339 3442 48 24 had
2417 3442 138 30 happened.
2584 3442 60 24 This

2244 3484 74 26 story,
2350 3480 66 27 then,
2448 3481 86 23 served
2566 3480 103 24 another
2701 3487 117 23 purpose;
2849 3480 20 24 it

2245 3519 87 29 helped
2352 3519 79 29 quash
2451 3526 14 16 a
2484 3519 57 23 wild
2561 3525 92 20 rumor,
2673 3518 88 28 which,
2782 3519 24 23 in
2826 3518 41 24 the

2245 3557 57 29 long
2322 3564 53 20 run,
2396 3557 73 23 could
2489 3557 62 23 have
2571 3557 92 29 proved
2683 3557 77 30 costly
2781 3562 25 18 to
2826 3556 42 24 the

2245 3595 152 30 university's
2418 3595 147 30 reputation.

2280 3634 103 29 Finally,
2401 3633 47 24 this
2466 3638 66 25 story
2554 3633 123 30 (together
2696 3634 57 23 with
2772 3641 14 16 a
2805 3634 51 23 side-

2245 3672 44 23 bar
2310 3676 66 25 story
2400 3672 48 23 and
2470 3672 42 23 the
2533 3677 67 24 story
2622 3672 29 23 of
2673 3672 41 23 the
2738 3672 129 28 fraterntiy

2364 3717 62 22 gave
2441 3711 60 22 both
2517 3711 64 23 sides
2596 3711 29 23 of
2640 3711 42 23 the
2697 3711 103 29 picture,
2818 3711 48 22 and

2244 3749 129 29 presented
2396 3749 132 29 university
2550 3749 108 23 officials
2680 3749 58 23 with
2760 3749 41 22 the
2823 3755 30 22 op-

2245 3786 126 30 portunity
2392 3791 26 19 to
2440 3787 54 29 give
2514 3788 30 22 its
2567 3788 116 22 reaction.
2706 3787 29 23 In
2758 3793 33 17 no
2814 3793 53 23 way

2244 3832 64 17 were
2324 3825 68 24 these
2619 3825 86 24 stories
2722 3825 103 24 slanted.
2844 3824 23 25 If

2245 3864 124 29 anything,
2393 3864 41 23 the
2456 3865 109 22 Maroon
2588 3864 59 23 took
2670 3867 109 20 extreme
2803 3870 62 20 care,

2950 2866 128 30 diligence,
3098 2867 48 23 and
3165 2867 60 23 time
3243 2867 25 23 in
3286 2867 98 30 writing
3400 2867 70 25 these
3488 2868 86 24 stories

2950 2905 49 29 just
3016 2912 28 16 so
3062 2905 58 29 they
3138 2905 82 24 would
3239 2905 30 24 be
3289 2905 46 24 fair
3336 2906 85 23 and
3440 2910 44 20 not
3502 2906 61 24 detri-

2952 2944 91 22 mental
3067 2948 26 18 to
3117 2943 41 24 the
3181 2943 155 24 individual's
3360 2951 30 16 or
3412 2944 41 24 the
3478 2944 84 24 univer-

2952 2982 66 29 sity's
3031 2982 86 29 image.

2986 3020 28 23 In
3028 3020 42 24 the
3086 3025 53 25 past
3156 3021 30 22 57
3205 3027 69 23 years
3291 3020 77 28 (since
3383 3021 41 24 the
3440 3020 134 31 university

2952 3066 49 16 was
3019 3059 136 28 founded),
3175 3059 94 29 Loyola
3286 3059 44 24 has
3346 3059 118 23 obtained
3482 3066 31 16 an
3530 3066 30 17 un-

2951 3097 125 23 tarnished
3093 3098 148 29 reputation,
3258 3098 132 29 especially
3406 3098 40 23 for
3462 3098 30 23 its
3510 3098 52 23 busi-

2952 3142 54 16 ness
3021 3136 49 22 and
3084 3136 163 28 professional
3263 3136 138 29 graduates.
3416 3136 22 23 It
3451 3136 20 23 is
3484 3136 90 23 indeed

2951 3181 14 16 a
2983 3174 184 23 well-deserved
3186 3174 147 29 reputation.
3354 3175 48 22 Yet
3421 3175 41 22 for
3480 3175 94 29 Loyola

2952 3216 25 20 to
3001 3213 62 28 bury
3087 3213 29 23 its
3141 3213 63 23 head
3228 3213 26 23 in
3276 3213 42 23 the
3342 3213 61 23 sand
3427 3220 29 16 or
3479 3220 95 17 scream

3059 3255 25 19 at
3107 3251 29 23 its
3159 3258 56 16 own
3238 3258 104 22 campus
3366 3258 145 23 newspaper
3534 3252 40 23 for

2952 3290 107 29 printing
3086 3297 67 16 news
3179 3290 90 27 (which
3297 3290 17 23 it
3341 3294 73 19 terms-

3048 3328 19 24 is
3084 3332 26 20 to
3126 3332 67 20 react
3210 3329 24 23 in
3252 3335 31 17 an
3301 3328 143 29 antiquated
3462 3335 110 17 manner.

2985 3367 54 23 Our
3056 3366 81 24 critics
3156 3371 65 19 must
3240 3367 88 23 realize
3345 3367 53 23 that
3416 3374 37 17 we
3471 3374 41 16 are
3531 3371 43 20 not

2951 3409 43 19 out
3010 3409 26 19 to
3050 3405 54 23 ruin
3120 3405 42 24 the
3177 3405 140 30 reputation
3331 3406 29 23 of
3374 3406 42 23 the
3432 3406 140 29 university.

2952 3443 126 25 Likewise,
3106 3443 57 29 they
3189 3447 64 20 must
3280 3444 89 24 realize
3394 3444 52 24 that
3472 3444 102 24 adverse

2950 3481 120 30 publicity
3087 3482 49 23 and
3154 3482 117 24 criticism
3290 3482 18 24 is
3328 3487 42 19 not
3389 3490 118 16 common
3525 3483 48 29 just

2953 3524 26 19 to
2990 3520 100 29 Loyola.

2986 3558 129 27 However,
3131 3558 41 24 the
3186 3559 140 30 reputation
3341 3559 29 23 of
3384 3559 41 24 the
3440 3559 133 30 university

2953 3597 18 23 is
2983 3601 84 26 strong
3079 3597 47 23 and
3140 3597 184 23 well-founded.
3339 3597 58 24 And
3409 3597 42 24 the
3462 3598 110 23 Maroon

2952 3635 18 24 is
2987 3636 118 29 anything
3123 3635 42 24 but
3183 3644 14 15 a
3214 3635 93 24 radical
3324 3642 104 23 campus
3446 3642 112 24 newspap-

2951 3681 33 16 er.
3000 3673 65 24 With
3082 3674 68 24 these
3164 3678 50 20 two
3229 3674 92 24 factors
3336 3674 25 24 in
3376 3674 31 24 its
3422 3674 79 27 favor,
3517 3673 56 31 why

2951 3712 57 23 then
3032 3712 33 23 do
3087 3719 69 17 some
3179 3712 123 24 members
3325 3712 28 24 of
3376 3712 41 24 the
3440 3712 133 30 university

2951 3750 86 29 family
3056 3751 53 23 fear
3127 3751 54 23 that
3199 3759 15 15 a
3231 3751 103 30 straight
3353 3758 66 16 news
3439 3755 67 26 story
3525 3751 48 24 will

2951 3788 54 24 ruin
3016 3789 42 23 the
3069 3795 103 23 campus
3183 3789 88 30 image.

2985 3828 72 23 After
3081 3827 39 27 all,
3147 3835 13 15 a
3186 3834 144 22 newspaper
3354 3828 20 22 is
3398 3828 124 29 supposed
3548 3832 25 19 to

2951 3864 64 29 print
3028 3871 73 19 news,
3113 3864 55 23 isn't
3181 3864 31 23 it?

2744 3985 333 64 LETTERS

2247 4089 36 22 To
2295 4088 40 23 the
2346 4087 96 23 Editor:

2280 4126 96 30 During
2400 4126 41 24 the
2465 4130 53 25 past
2543 4124 53 24 half
2620 4128 123 22 semester,
2768 4124 10 23 I
2804 4125 62 23 have

2245 4165 48 23 had
2320 4171 33 17 no
2378 4164 76 23 fewer
2479 4164 59 23 than
2564 4162 67 30 eight
2656 4162 88 24 classes
2771 4167 41 20 cut
2838 4170 28 17 or

2244 4203 79 24 called
2343 4202 40 23 off
2403 4202 31 30 by
2455 4209 41 23 my
2515 4202 152 23 instructors.
2689 4200 41 23 All
2750 4201 28 24 of
2799 4201 67 24 these

2245 4248 42 17 are
2304 4241 90 23 classes
2414 4241 52 23 that
2486 4244 65 19 meet
2571 4240 40 23 for
2631 4246 30 17 an
2682 4239 63 23 hour
2765 4239 49 24 and
2837 4239 28 24 IS

2245 4280 113 25 minutes,
2374 4278 72 25 twice
2461 4286 15 16 a
2491 4277 76 24 week.
2584 4278 11 22 I
2612 4277 62 24 have
2689 4285 49 17 one
2754 4278 100 23 instruct-

2245 4325 28 16 or
2291 4318 56 22 who
2365 4317 43 24 has
2427 4324 81 19 never,
2528 4316 103 30 literally
2650 4323 81 20 never,
2750 4316 57 24 held
2826 4316 41 24 the

2244 4356 63 24 class
2326 4356 41 23 for
2385 4356 41 23 the
2447 4355 44 23 full
2512 4355 64 23 hour
2595 4355 48 23 and
2667 4355 28 23 IS
2717 4355 113 24 minutes.

2280 4394 50 24 I've
2345 4394 74 23 heard
2435 4393 48 24 this
2497 4393 137 30 complaint
2649 4393 67 24 from
2732 4393 71 24 other
2817 4396 38 21 stu-

2244 4433 70 23 dents
2330 4437 48 18 too.
2395 4432 55 23 One
2464 4432 43 29 girl
2523 4432 127 23 estimated
2666 4432 52 23 that
2736 4432 30 22 10
2780 4432 29 22 of
2822 4432 44 22 her

2245 4471 90 23 classes
2346 4470 62 24 have
2420 4470 61 23 been
2493 4474 41 19 cut
2546 4470 32 29 by
2588 4470 152 24 instructors.

2279 4509 40 24 It's
2337 4509 80 29 things
2435 4509 49 22 like
2501 4509 46 23 this
2565 4509 52 23 that
2635 4509 56 29 help
2710 4513 26 18 to
2751 4512 82 19 create
2852 4515 14 16 a

2245 4548 92 23 second
2363 4551 52 19 rate
2441 4548 147 29 University.
2616 4548 73 22 What
2715 4547 66 29 good
2806 4546 21 23 is
2853 4553 15 16 a

2243 4586 140 29 Campaign
2399 4586 40 22 for
2456 4586 144 23 Excellence
2614 4586 21 23 if
2650 4586 41 22 the
2708 4585 94 29 faculty
2817 4584 49 23 will

2245 4629 43 18 not
2314 4625 54 29 give
2393 4625 17 22 it
2435 4630 62 17 even
2521 4625 43 22 the
2589 4624 95 29 passive
2710 4626 104 27 support
2839 4622 28 23 of

2246 4663 101 29 holding
2358 4663 103 23 classes?

2279 4702 58 22 This
2358 4701 112 29 injustice
2492 4706 26 18 to
2537 4701 42 23 the
2600 4700 133 29 university
2755 4699 49 23 and
2826 4699 41 23 the

2244 4740 109 23 students
2370 4744 65 19 must
2451 4744 55 25 stop
2523 4740 19 23 if
2558 4739 94 30 Loyola
2668 4737 133 25 entertains
2817 4744 37 17 ser-

2245 4779 52 23 ious
2319 4778 77 29 hopes
2417 4778 28 23 of
2466 4778 131 29 becoming

2587 4815 138 28 Rosemary
2737 4814 107 24 Cataldo

2589 4853 65 23 A&S
2664 4853 87 23 Senior

2247 4916 35 22 To
2292 4914 43 24 the
2345 4913 96 24 Editor:

2278 4954 9 23 I
2302 4953 62 24 have
2380 4953 62 23 been
2457 4951 100 23 advised
2572 4951 30 29 by
2617 4957 76 23 many
2708 4951 93 23 friends
2816 4951 50 23 and

2243 4991 95 30 helpful
2358 4990 122 24 members
2498 4989 29 24 of
2544 4989 40 24 the
2603 4989 133 30 university
2754 4996 94 17 commu-

2243 5030 51 29 nity
2315 5034 26 19 to
2362 5035 98 23 express
2481 5034 42 23 my
2544 5028 106 29 apology
2673 5028 40 23 for
2733 5035 14 16 a
2768 5028 98 24 remark

2244 5067 132 24 attributed
2391 5072 26 18 to
2433 5073 39 16 me
2488 5067 24 22 in
2529 5067 40 22 the
2584 5067 109 22 Maroon
2709 5067 74 22 insert
2800 5067 65 23 from

2243 5103 90 30 Baylor
2352 5103 148 30 University.
2518 5102 127 30 Although
2663 5103 41 23 the
2721 5105 101 20 content
2838 5102 28 23 of

2243 5141 40 24 the
2302 5145 129 20 statement
2450 5141 139 31 pertaining
2606 5144 26 21 to
2650 5141 40 24 the
2709 5140 89 24 Jesuits
2816 5147 50 17 was

2242 5180 61 27 said,
2324 5180 28 23 its
2373 5187 43 17 use
2435 5187 49 16 was
2502 5179 137 25 somewhat
2657 5183 45 20 out
2720 5179 28 24 of
2766 5183 100 19 context

2243 5219 49 23 and
2308 5218 30 24 its
2354 5218 78 24 intent
2449 5225 49 16 was
2514 5221 43 21 not
2574 5221 84 21 meant
2674 5221 26 20 to
2717 5218 29 23 be
2763 5218 89 29 deroga-

2244 5260 60 26 tory.
2319 5256 10 23 I
2343 5262 49 18 was
2405 5256 90 30 simply
2508 5256 170 30 emphasizing
2691 5255 41 24 the
2745 5255 121 24 excellent

2951 4088 116 23 relations
3084 4087 111 24 students
3213 4087 48 23 and
3279 4087 94 30 faculty
3390 4086 73 31 enjoy
3482 4093 33 17 on
3533 4086 41 24 the

2950 4132 111 23 campus.

2985 4164 11 23 I
3018 4163 70 27 have,
3112 4163 122 27 however,
3257 4163 62 24 been
3342 4163 137 25 somewhat
3500 4163 74 24 taken

2951 4201 79 24 aback
3057 4201 31 30 by
3114 4201 41 25 the
3181 4202 135 30 repressive
3341 4209 126 16 measures
3494 4201 80 24 which

2951 4240 63 23 have
3030 4239 61 24 been
3107 4240 137 25 advocated
3261 4240 95 30 against
3371 4247 41 16 me
3427 4247 26 16 as
3468 4247 15 16 a
3498 4239 75 24 result

2951 4278 29 23 of
2997 4277 47 24 this
3061 4282 75 26 story.
3154 4279 10 23 I
3183 4278 49 24 had
3250 4278 81 30 hoped
3349 4278 53 24 that
3418 4278 43 24 the
3478 4281 96 27 respect

2952 4316 79 23 which
3048 4316 10 23 I
3076 4316 48 24 feel
3141 4317 40 24 for
3198 4316 41 24 the
3256 4317 154 29 community
3428 4324 50 16 was
3496 4316 65 31 recip-

2951 4354 68 27 rical;
3039 4354 130 30 evidently,
3190 4355 24 23 in
3234 4362 70 16 some
3323 4362 68 17 cases
3411 4354 47 25 this
3478 4355 95 24 mutual

2951 4393 147 23 confidence
3113 4393 60 23 does
3188 4397 44 19 not
3247 4393 63 23 exist
3325 4400 33 16 on
3374 4400 49 23 any
3439 4397 83 20 count.

2986 4431 88 28 Again,
3095 4431 32 23 let
3147 4437 40 18 me
3207 4438 43 23 say
3271 4432 52 23 that
3344 4432 40 23 the
3405 4432 98 23 remark
3524 4439 49 16 was

2952 4469 145 29 regrettable
3112 4470 49 22 and
3178 4470 168 23 unfortunate.
3363 4470 109 23 Because
3489 4470 28 23 of
3532 4470 41 23 the

2950 4506 117 25 situation
3084 4507 24 24 in
3125 4507 81 24 which
3223 4508 17 23 it
3257 4509 131 28 appeared,
3406 4509 11 22 I
3434 4508 33 23 do
3483 4509 89 23 indeed

2951 4544 59 24 wish
3030 4548 25 21 to
3075 4553 99 22 express
3193 4553 31 17 an
3245 4547 114 28 apology.
3380 4547 21 23 It
3421 4547 82 23 would
3522 4553 39 17 cer-

2951 4583 75 30 tainly
3041 4583 29 25 be
3086 4591 32 16 an
3133 4584 126 24 irrational
3274 4585 49 23 and
3339 4585 129 29 impatient
3483 4592 89 22 person

2951 4620 55 24 who
3029 4622 83 23 would
3135 4622 69 24 think
3226 4622 53 25 that
3301 4623 41 24 the
3364 4626 76 27 quote
3463 4624 109 23 referred

2950 4659 102 30 directly
3073 4664 26 19 to
3119 4660 31 23 all
3170 4660 97 27 Jesuits,
3288 4662 49 23 and
3358 4661 48 24 this
3426 4662 85 24 wasn't
3531 4669 43 22 my

2951 4697 76 24 intent
3042 4697 83 24 either.

3192 4736 109 24 Thomas
3320 4736 93 29 Wright

3190 4774 105 24 Student
3313 4775 109 24 Council
3439 4777 127 24 President

2953 4833 36 22 To
2999 4832 41 24 the
3051 4833 96 23 Editor:

2986 4871 23 23 If
3023 4878 48 22 you
3087 4871 47 23 will
3151 4872 57 23 look
3225 4872 23 23 in
3264 4872 42 24 the
3321 4873 94 28 Loyola
3430 4873 142 31 University

2952 4909 121 24 brochure
3088 4909 28 24 of
3134 4909 117 27 1965-66,
3267 4917 63 23 page
3347 4911 37 28 16,
3401 4918 49 23 you
3465 4912 48 23 will
3528 4919 30 17 no-

2950 4947 47 24 tice
3012 4948 52 23 that
3077 4948 105 24 Colonel
3198 4948 93 24 Robert
3305 4949 107 30 Sabolyk
3428 4951 89 29 during
3531 4951 41 24 the

2951 4986 59 24 time
3025 4986 32 24 he
3072 4993 49 17 was
3137 4986 25 24 in
3178 4987 41 23 the
3235 4987 79 30 Army
3330 4995 49 16 was
3396 4989 53 23 also
3464 4996 14 17 a
3495 4996 58 16 mem-

2951 5024 42 24 ber
3008 5024 28 24 of
3050 5024 41 24 the
3107 5025 95 29 Loyola
3216 5025 141 31 University
3372 5027 152 24 Committee
3538 5034 34 17 on

2951 5062 127 24 Athletics.
3100 5063 137 24 Reference
3256 5068 26 20 to
3300 5065 71 24 other
3390 5066 114 23 bulletins
3523 5066 49 23 will

2950 5101 69 23 show
3039 5108 48 22 you
3108 5101 40 24 the
3168 5106 82 20 extent
3270 5103 29 23 of
3318 5104 105 23 Colonel
3444 5104 128 30 Sabolyk's

2953 5139 165 24 involvement
3130 5140 24 23 in
3166 5140 111 24 athletics
3289 5145 24 20 at
3324 5142 101 30 Loyola.

3257 5180 85 23 James
3360 5180 29 24 C.
3410 5180 94 28 Carter,
3524 5181 48 24 SJ.

3268 5218 94 28 Acting
3375 5219 197 24 Vice-President

3273 5257 42 27 for
3324 5257 105 23 Student
3440 5257 99 28 Affairs

133 153 177 29 2

1657 155 110 27 THE
1812 156 250 27 MAROON

3153 162 123 32 Friday,
3301 162 107 27 March
3435 163 46 31 15,
3508 164 75 26 1968

869 4393 233 78 Loyola
1149 4390 272 63 Maroon

1016 4478 91 33 Loyola
1129 4478 142 32 University

960 4521 61 26 New
1041 4520 118 30 Orleans,
1181 4519 41 26 L.
1242 4517 84 27 70118

847 4578 86 23 Editor
1219 4576 82 23 Ferrel
1323 4574 116 30 Guillory

847 4617 138 27 Managing
995 4616 87 22 Editor
1257 4614 36 24 Ed
1305 4613 133 24 Anderson

847 4656 130 22 Associate
989 4654 88 23 Editor
1302 4652 37 24 Ed
1352 4651 85 24 Curda

848 4694 75 22 News
938 4694 87 22 Editor
1250 4691 78 23 Susan
1345 4690 93 24 Michie

846 4729 66 24 Desk
929 4728 87 23 Editor
1207 4727 95 23 Bonnie
1318 4726 118 23 Matetich

846 4764 67 23 Desk
932 4764 86 23 Editor
1243 4762 75 23 Brent
1336 4761 100 29 Manley

845 4799 88 28 Sports
952 4798 87 23 Editor
1265 4797 69 23 Mike
1355 4797 83 29 Lange

845 4835 116 22 Business
980 4834 122 26 Manager
1294 4832 61 22 Rick
1376 4832 62 28 Frey

847 4870 164 28 Department
1030 4868 135 23 Chairman
1237 4867 81 30 Ralph
1336 4867 28 24 T.
1386 4866 50 24 Bell

847 4907 103 28 Faculty
965 4907 108 23 Advisor
1228 4905 65 24 John
1308 4906 27 23 B.
1351 4905 86 24 Cotter

849 4945 132 24 Technical
995 4945 108 23 Advisor
1225 4944 113 23 Leonard
1354 4943 82 24 White

857 4991 43 21 The
916 4991 72 24 Loyola
1005 4991 86 20 Maroon
1109 4991 15 20 is
1140 4997 11 13 a
1168 4989 75 26 weekly
1260 4996 85 18 campus
1362 4996 50 14 news-

858 5025 63 19 paper
936 5018 106 25 published
1057 5018 24 24 by
1096 5019 34 19 the
1144 5018 94 20 students
1253 5018 21 20 of
1289 5017 72 25 Loyola
1377 5017 36 21 Uni-

858 5047 72 24 versity
947 5047 21 20 of
986 5047 47 20 New
1050 5045 94 24 Orleans,
1161 5046 64 20 under
1242 5045 34 21 the
1292 5046 95 23 auspices
1404 5044 21 21 of

857 5075 35 20 the
906 5074 126 24 university's
1045 5074 133 24 Department
1192 5073 22 21 of
1227 5073 128 20 Journalism.
1377 5072 36 21 Sec-

856 5102 40 21 ond
916 5102 59 21 Class
994 5105 87 22 postage
1101 5101 47 25 paid
1168 5104 22 17 at
1210 5101 48 20 New
1276 5101 95 23 Orleans,
1391 5100 33 21 L.

887 5143 95 20 Editorial
995 5143 92 25 opinions
1098 5142 110 25 expressed
1220 5142 19 20 in
1253 5141 34 22 the
1300 5142 85 20 Maroon
1399 5141 26 22 do

858 5174 36 17 not
907 5171 122 25 necessarily
1043 5177 82 18 express
1138 5169 34 21 the
1187 5170 91 25 opinions
1292 5176 22 14 or
1327 5168 36 22 the
1376 5168 39 22 offi-

856 5198 40 21 cial
911 5198 66 26 policy
990 5198 21 21 of
1026 5197 34 22 the
1075 5198 107 25 university
1196 5204 22 14 or
1231 5198 26 20 its
1270 5197 79 26 faculty
1363 5204 22 14 or
1399 5197 26 21 its

856 5226 85 21 student
955 5226 59 25 body.

2096 1761 12 20 ;
2113 1768 20 13 __
2157 1766 7 15 i
2172 1741 114 40 .^
2289 1747 36 34 v:
2331 1749 6 3 .
2354 1751 8 15 :
3237 1625 358 156 =^d^

2191 2171 174 54 W*R
2555 2130 76 81 to
2789 2128 189 85 BfiJl
3117 2122 136 88 A//
