<?xml version="1.0" encoding="UTF-8"?>
<alto xmlns:xsi="http://www.w3.org/2001/XMLSchema-instance" xsi:noNamespaceSchemaLocation="http://schema.ccs-gmbh.com/metae/alto-1-2.xsd" xmlns:xlink="http://www.w3.org/TR/xlink">
	<Description>
		<MeasurementUnit>mm10</MeasurementUnit>
		<sourceImageInformation>
			<fileName>//docstorage2/impdata3/IN/Loyola_10-018/Maroon_1961_1971/0575.tif</fileName>
		</sourceImageInformation>
		<OCRProcessing ID="OCRPROCESSING_1">
			<preProcessingStep>
				<processingSoftware>
					<softwareCreator>CCS Content Conversion Specialists GmbH, Germany</softwareCreator>
					<softwareName>CCS docWORKS</softwareName>
					<softwareVersion>6.5-1.31</softwareVersion>
				</processingSoftware>
			</preProcessingStep>
			<ocrProcessingStep>
				<processingSoftware>
					<softwareCreator>ABBYY (BIT Software), Russia</softwareCreator>
					<softwareName>FineReader</softwareName>
					<softwareVersion>7.1</softwareVersion>
				</processingSoftware>
			</ocrProcessingStep>
		</OCRProcessing>
		<OCRProcessing ID="OCRPROCESSING_2">
			<preProcessingStep>
				<processingSoftware>
					<softwareCreator>CCS Content Conversion Specialists GmbH, Germany</softwareCreator>
					<softwareName>CCS docWORKS</softwareName>
					<softwareVersion>6.5-1.31</softwareVersion>
				</processingSoftware>
			</preProcessingStep>
			<ocrProcessingStep>
				<processingSoftware>
					<softwareCreator>ABBYY (BIT Software), Russia</softwareCreator>
					<softwareName>FineReader</softwareName>
					<softwareVersion>10.0</softwareVersion>
				</processingSoftware>
			</ocrProcessingStep>
		</OCRProcessing>
	</Description>
	<Styles>
		<TextStyle ID="TXT_0" FONTSIZE="46" FONTFAMILY="Arial" FONTSTYLE="bold"/>
		<TextStyle ID="TXT_1" FONTSIZE="8" FONTFAMILY="Arial" FONTSTYLE="bold"/>
		<TextStyle ID="TXT_2" FONTSIZE="22" FONTFAMILY="Arial" FONTSTYLE="bold italics"/>
		<TextStyle ID="TXT_3" FONTSIZE="11" FONTFAMILY="Arial" FONTSTYLE="bold"/>
		<TextStyle ID="TXT_4" FONTSIZE="10" FONTFAMILY="Times New Roman"/>
		<TextStyle ID="TXT_5" FONTSIZE="10" FONTFAMILY="Times New Roman" FONTSTYLE="italics"/>
		<TextStyle ID="TXT_6" FONTSIZE="33" FONTFAMILY="Arial" FONTSTYLE="bold"/>
		<TextStyle ID="TXT_7" FONTSIZE="22" FONTFAMILY="Arial" FONTSTYLE="bold"/>
		<TextStyle ID="TXT_8" FONTSIZE="27" FONTFAMILY="Arial" FONTSTYLE="bold"/>
		<TextStyle ID="TXT_9" FONTSIZE="12" FONTFAMILY="Times New Roman"/>
		<TextStyle ID="TXT_10" FONTSIZE="11" FONTFAMILY="Times New Roman" FONTSTYLE="bold"/>
		<TextStyle ID="TXT_11" FONTSIZE="27" FONTFAMILY="Times New Roman"/>
		<TextStyle ID="TXT_12" FONTSIZE="8" FONTFAMILY="Arial"/>
		<TextStyle ID="TXT_13" FONTSIZE="14" FONTFAMILY="Arial" FONTSTYLE="bold"/>
		<TextStyle ID="TXT_14" FONTSIZE="9" FONTFAMILY="Arial"/>
		<TextStyle ID="TXT_15" FONTSIZE="9" FONTFAMILY="Arial" FONTSTYLE="bold"/>
		<TextStyle ID="TXT_16" FONTSIZE="6" FONTFAMILY="Arial" FONTSTYLE="bold"/>
		<TextStyle ID="TXT_17" FONTSIZE="10" FONTFAMILY="Times New Roman"/>
		<ParagraphStyle ID="PAR_RIGHT" ALIGN="Right"/>
		<ParagraphStyle ID="PAR_LEFT" ALIGN="Left"/>
		<ParagraphStyle ID="PAR_BLOCK" ALIGN="Block"/>
	</Styles>
	<Layout>
		<Page ID="P5" PHYSICAL_IMG_NR="5" HEIGHT="5367" WIDTH="3782" PRINTED_IMG_NR="5" PC="0.981">
			<TopMargin ID="P5_TM00001" HPOS="0" VPOS="0" WIDTH="3782" HEIGHT="154"/>
			<LeftMargin ID="P5_LM00001" HPOS="0" VPOS="154" WIDTH="34" HEIGHT="5106"/>
			<RightMargin ID="P5_RM00001" HPOS="3593" VPOS="154" WIDTH="189" HEIGHT="5106"/>
			<BottomMargin ID="P5_BM00001" HPOS="0" VPOS="5260" WIDTH="3782" HEIGHT="107"/>
			<PrintSpace ID="P5_PS00001" HPOS="34" VPOS="154" WIDTH="3559" HEIGHT="5106">
				<TextBlock ID="P5_TB00001" HPOS="243" VPOS="380" WIDTH="3256" HEIGHT="136" STYLEREFS="TXT_0 PAR_RIGHT">
					<TextLine ID="P5_TL00001" HPOS="243" VPOS="380" WIDTH="3256" HEIGHT="133">
						<String ID="P5_ST00001" HPOS="243" VPOS="383" WIDTH="433" HEIGHT="130" CONTENT="Panel" WC="1.00" CC="00000"/>
						<SP ID="P5_SP00001" HPOS="676" VPOS="513" WIDTH="77"/>
						<String ID="P5_ST00002" HPOS="753" VPOS="380" WIDTH="853" HEIGHT="133" CONTENT="establishes" WC="1.00" CC="00000010000"/>
						<SP ID="P5_SP00002" HPOS="1606" VPOS="513" WIDTH="71"/>
						<String ID="P5_ST00003" HPOS="1677" VPOS="383" WIDTH="1289" HEIGHT="127" CONTENT="communications" WC="1.00" CC="00000000000000"/>
						<SP ID="P5_SP00003" HPOS="2966" VPOS="513" WIDTH="73"/>
						<String ID="P5_ST00004" HPOS="3039" VPOS="380" WIDTH="460" HEIGHT="132" CONTENT="board" WC="1.00" CC="00001"/>
					</TextLine>
				</TextBlock>
				<TextBlock ID="P5_TB00002" HPOS="229" VPOS="569" WIDTH="343" HEIGHT="32" STYLEREFS="TXT_1 PAR_LEFT">
					<TextLine ID="P5_TL00002" HPOS="229" VPOS="569" WIDTH="341" HEIGHT="32">
						<String ID="P5_ST00005" HPOS="229" VPOS="569" WIDTH="32" HEIGHT="32" CONTENT="By" WC="0.89" CC="02"/>
						<SP ID="P5_SP00004" HPOS="261" VPOS="601" WIDTH="22"/>
						<String ID="P5_ST00006" HPOS="283" VPOS="569" WIDTH="107" HEIGHT="24" CONTENT="FERREL" WC="0.99" CC="000100"/>
						<SP ID="P5_SP00005" HPOS="390" VPOS="601" WIDTH="21"/>
						<String ID="P5_ST00007" HPOS="411" VPOS="569" WIDTH="159" HEIGHT="25" CONTENT="GUILLORY" WC="1.00" CC="01000000"/>
					</TextLine>
				</TextBlock>
				<TextBlock ID="P5_TB00003" HPOS="34" VPOS="196" WIDTH="1287" HEIGHT="121" STYLEREFS="TXT_2 PAR_LEFT">
					<TextLine ID="P5_TL00003" HPOS="34" VPOS="196" WIDTH="1048" HEIGHT="13">
						<String ID="P5_ST00008" HPOS="34" VPOS="196" WIDTH="12" HEIGHT="12" CONTENT="*" WC="0.37" CC="6" STYLEREFS="TXT_3"/>
						<SP ID="P5_SP00006" HPOS="46" VPOS="208" WIDTH="1032"/>
						<String ID="P5_ST00009" HPOS="1078" VPOS="196" WIDTH="4" HEIGHT="13" CONTENT="," WC="0.92" CC="1" STYLEREFS="TXT_3"/>
						<SP ID="P5_SP00007" HPOS="1082" VPOS="209" WIDTH="0"/>
					</TextLine>
					<TextLine ID="P5_TL00004" HPOS="134" VPOS="237" WIDTH="1187" HEIGHT="80">
						<String ID="P5_ST00010" HPOS="134" VPOS="242" WIDTH="298" HEIGHT="63" CONTENT="Includes" WC="1.00" CC="10101110"/>
						<SP ID="P5_SP00008" HPOS="432" VPOS="305" WIDTH="43"/>
						<String ID="P5_ST00011" HPOS="475" VPOS="245" WIDTH="195" HEIGHT="72" CONTENT="print," WC="0.99" CC="231012"/>
						<SP ID="P5_SP00009" HPOS="670" VPOS="317" WIDTH="44"/>
						<String ID="P5_ST00012" HPOS="714" VPOS="237" WIDTH="347" HEIGHT="65" CONTENT="broadcast" WC="1.00" CC="121011011"/>
						<SP ID="P5_SP00010" HPOS="1061" VPOS="317" WIDTH="44"/>
						<String ID="P5_ST00013" HPOS="1105" VPOS="239" WIDTH="216" HEIGHT="63" CONTENT="media" WC="1.00" CC="01010"/>
					</TextLine>
				</TextBlock>
				<TextBlock ID="P5_TB00004" HPOS="122" VPOS="624" WIDTH="547" HEIGHT="1057" STYLEREFS="TXT_4 PAR_BLOCK">
					<TextLine ID="P5_TL00005" HPOS="162" VPOS="624" WIDTH="507" HEIGHT="30">
						<String ID="P5_ST00014" HPOS="162" VPOS="624" WIDTH="53" HEIGHT="23" CONTENT="The" WC="1.00" CC="000"/>
						<SP ID="P5_SP00011" HPOS="215" VPOS="647" WIDTH="19"/>
						<String ID="P5_ST00015" HPOS="234" VPOS="624" WIDTH="105" HEIGHT="23" CONTENT="Student" WC="1.00" CC="0100011"/>
						<SP ID="P5_SP00012" HPOS="339" VPOS="647" WIDTH="21"/>
						<String ID="P5_ST00016" HPOS="360" VPOS="624" WIDTH="84" HEIGHT="30" CONTENT="Rights" WC="1.00" CC="000001"/>
						<SP ID="P5_SP00013" HPOS="444" VPOS="654" WIDTH="22"/>
						<String ID="P5_ST00017" HPOS="466" VPOS="625" WIDTH="49" HEIGHT="23" CONTENT="and" WC="1.00" CC="011"/>
						<SP ID="P5_SP00014" HPOS="515" VPOS="654" WIDTH="21"/>
						<String ID="P5_ST00018" HPOS="536" VPOS="624" WIDTH="133" HEIGHT="24" CONTENT="Freedoms" WC="1.00" CC="00000110"/>
					</TextLine>
					<TextLine ID="P5_TL00006" HPOS="129" VPOS="662" WIDTH="540" HEIGHT="30">
						<String ID="P5_ST00019" HPOS="129" VPOS="662" WIDTH="151" HEIGHT="24" CONTENT="Committee" WC="1.00" CC="000001100"/>
						<SP ID="P5_SP00015" HPOS="280" VPOS="686" WIDTH="13"/>
						<String ID="P5_ST00020" HPOS="293" VPOS="663" WIDTH="140" HEIGHT="29" CONTENT="completed" WC="1.00" CC="011011000"/>
						<SP ID="P5_SP00016" HPOS="433" VPOS="692" WIDTH="14"/>
						<String ID="P5_ST00021" HPOS="447" VPOS="663" WIDTH="82" HEIGHT="23" CONTENT="action" WC="1.00" CC="000010"/>
						<SP ID="P5_SP00017" HPOS="529" VPOS="692" WIDTH="14"/>
						<String ID="P5_ST00022" HPOS="543" VPOS="663" WIDTH="44" HEIGHT="23" CONTENT="last" WC="1.00" CC="1000"/>
						<SP ID="P5_SP00018" HPOS="587" VPOS="692" WIDTH="14"/>
						<String ID="P5_ST00023" HPOS="601" VPOS="662" WIDTH="68" HEIGHT="23" CONTENT="week" WC="1.00" CC="0000"/>
					</TextLine>
					<TextLine ID="P5_TL00007" HPOS="128" VPOS="701" WIDTH="541" HEIGHT="30">
						<String ID="P5_ST00024" HPOS="128" VPOS="707" WIDTH="31" HEIGHT="16" CONTENT="on" WC="0.98" CC="01"/>
						<SP ID="P5_SP00019" HPOS="159" VPOS="723" WIDTH="18"/>
						<String ID="P5_ST00025" HPOS="177" VPOS="701" WIDTH="40" HEIGHT="23" CONTENT="the" WC="1.00" CC="010"/>
						<SP ID="P5_SP00020" HPOS="217" VPOS="724" WIDTH="17"/>
						<String ID="P5_ST00026" HPOS="234" VPOS="701" WIDTH="93" HEIGHT="23" CONTENT="section" WC="1.00" CC="0120000"/>
						<SP ID="P5_SP00021" HPOS="327" VPOS="724" WIDTH="18"/>
						<String ID="P5_ST00027" HPOS="345" VPOS="702" WIDTH="151" HEIGHT="29" CONTENT="concerning" WC="1.00" CC="0100000001"/>
						<SP ID="P5_SP00022" HPOS="496" VPOS="731" WIDTH="17"/>
						<String ID="P5_ST00028" HPOS="513" VPOS="702" WIDTH="40" HEIGHT="23" CONTENT="the" WC="1.00" CC="110"/>
						<SP ID="P5_SP00023" HPOS="553" VPOS="731" WIDTH="17"/>
						<String ID="P5_ST00029" HPOS="570" VPOS="701" WIDTH="99" HEIGHT="24" CONTENT="student" WC="1.00" CC="1000100"/>
					</TextLine>
					<TextLine ID="P5_TL00008" HPOS="128" VPOS="740" WIDTH="541" HEIGHT="30">
						<String ID="P5_ST00030" HPOS="128" VPOS="746" WIDTH="67" HEIGHT="22" CONTENT="press" WC="0.99" CC="00091"/>
						<SP ID="P5_SP00024" HPOS="195" VPOS="768" WIDTH="18"/>
						<String ID="P5_ST00031" HPOS="213" VPOS="740" WIDTH="32" HEIGHT="29" CONTENT="by" WC="0.96" CC="01"/>
						<SP ID="P5_SP00025" HPOS="245" VPOS="769" WIDTH="16"/>
						<String ID="P5_ST00032" HPOS="261" VPOS="740" WIDTH="132" HEIGHT="30" CONTENT="providing" WC="1.00" CC="000000000"/>
						<SP ID="P5_SP00026" HPOS="393" VPOS="770" WIDTH="17"/>
						<String ID="P5_ST00033" HPOS="410" VPOS="740" WIDTH="40" HEIGHT="24" CONTENT="for" WC="1.00" CC="000"/>
						<SP ID="P5_SP00027" HPOS="450" VPOS="770" WIDTH="17"/>
						<String ID="P5_ST00034" HPOS="467" VPOS="748" WIDTH="14" HEIGHT="16" CONTENT="a" WC="1.00" CC="0"/>
						<SP ID="P5_SP00028" HPOS="481" VPOS="770" WIDTH="17"/>
						<String ID="P5_ST00035" HPOS="498" VPOS="740" WIDTH="154" HEIGHT="24" CONTENT="communica" SUBS_TYPE="HypPart1" SUBS_CONTENT="communications" WC="1.00" CC="000000100"/>
						<HYP HPOS="652" VPOS="740" WIDTH="17" CONTENT="-"/>
					</TextLine>
					<TextLine ID="P5_TL00009" HPOS="127" VPOS="778" WIDTH="542" HEIGHT="25">
						<String ID="P5_ST00036" HPOS="127" VPOS="778" WIDTH="65" HEIGHT="23" CONTENT="tions" SUBS_TYPE="HypPart2" SUBS_CONTENT="communications" WC="1.00" CC="00100"/>
						<SP ID="P5_SP00029" HPOS="192" VPOS="801" WIDTH="15"/>
						<String ID="P5_ST00037" HPOS="207" VPOS="778" WIDTH="78" HEIGHT="24" CONTENT="board" WC="1.00" CC="00011"/>
						<SP ID="P5_SP00030" HPOS="285" VPOS="802" WIDTH="16"/>
						<String ID="P5_ST00038" HPOS="301" VPOS="779" WIDTH="80" HEIGHT="23" CONTENT="which" WC="1.00" CC="00000"/>
						<SP ID="P5_SP00031" HPOS="381" VPOS="802" WIDTH="17"/>
						<String ID="P5_ST00039" HPOS="398" VPOS="780" WIDTH="18" HEIGHT="22" CONTENT="is" WC="1.00" CC="00"/>
						<SP ID="P5_SP00032" HPOS="416" VPOS="802" WIDTH="16"/>
						<String ID="P5_ST00040" HPOS="432" VPOS="784" WIDTH="26" HEIGHT="19" CONTENT="to" WC="0.98" CC="10"/>
						<SP ID="P5_SP00033" HPOS="458" VPOS="803" WIDTH="14"/>
						<String ID="P5_ST00041" HPOS="472" VPOS="778" WIDTH="116" HEIGHT="24" CONTENT="establish" WC="1.00" CC="010010010"/>
						<SP ID="P5_SP00034" HPOS="588" VPOS="803" WIDTH="16"/>
						<String ID="P5_ST00042" HPOS="604" VPOS="783" WIDTH="52" HEIGHT="18" CONTENT="stan" SUBS_TYPE="HypPart1" SUBS_CONTENT="standard" WC="1.00" CC="1010"/>
						<HYP HPOS="656" VPOS="783" WIDTH="13" CONTENT="-"/>
					</TextLine>
					<TextLine ID="P5_TL00010" HPOS="127" VPOS="817" WIDTH="542" HEIGHT="31">
						<String ID="P5_ST00043" HPOS="127" VPOS="817" WIDTH="61" HEIGHT="22" CONTENT="dard" SUBS_TYPE="HypPart2" SUBS_CONTENT="standard" WC="1.00" CC="1000"/>
						<SP ID="P5_SP00035" HPOS="188" VPOS="839" WIDTH="19"/>
						<String ID="P5_ST00044" HPOS="207" VPOS="818" WIDTH="149" HEIGHT="28" CONTENT="procedures" WC="1.00" CC="0000000001"/>
						<SP ID="P5_SP00036" HPOS="356" VPOS="846" WIDTH="20"/>
						<String ID="P5_ST00045" HPOS="376" VPOS="818" WIDTH="136" HEIGHT="30" CONTENT="governing" WC="1.00" CC="000100000"/>
						<SP ID="P5_SP00037" HPOS="512" VPOS="848" WIDTH="20"/>
						<String ID="P5_ST00046" HPOS="532" VPOS="817" WIDTH="29" HEIGHT="24" CONTENT="all" WC="1.00" CC="010"/>
						<SP ID="P5_SP00038" HPOS="561" VPOS="848" WIDTH="22"/>
						<String ID="P5_ST00047" HPOS="583" VPOS="823" WIDTH="72" HEIGHT="24" CONTENT="opera" SUBS_TYPE="HypPart1" SUBS_CONTENT="operations" WC="1.00" CC="10000"/>
						<HYP HPOS="655" VPOS="823" WIDTH="14" CONTENT="-"/>
					</TextLine>
					<TextLine ID="P5_TL00011" HPOS="127" VPOS="855" WIDTH="542" HEIGHT="25">
						<String ID="P5_ST00048" HPOS="127" VPOS="855" WIDTH="63" HEIGHT="23" CONTENT="tions" SUBS_TYPE="HypPart2" SUBS_CONTENT="operations" WC="1.00" CC="10002"/>
						<SP ID="P5_SP00039" HPOS="190" VPOS="878" WIDTH="19"/>
						<String ID="P5_ST00049" HPOS="209" VPOS="856" WIDTH="29" HEIGHT="23" CONTENT="of" WC="1.00" CC="00"/>
						<SP ID="P5_SP00040" HPOS="238" VPOS="879" WIDTH="18"/>
						<String ID="P5_ST00050" HPOS="256" VPOS="857" WIDTH="99" HEIGHT="23" CONTENT="student" WC="1.00" CC="1100010"/>
						<SP ID="P5_SP00041" HPOS="355" VPOS="880" WIDTH="17"/>
						<String ID="P5_ST00051" HPOS="372" VPOS="856" WIDTH="226" HEIGHT="24" CONTENT="communications" WC="1.00" CC="00000010001101"/>
						<SP ID="P5_SP00042" HPOS="598" VPOS="880" WIDTH="21"/>
						<String ID="P5_ST00052" HPOS="619" VPOS="862" WIDTH="34" HEIGHT="16" CONTENT="me" SUBS_TYPE="HypPart1" SUBS_CONTENT="media." WC="1.00" CC="00"/>
						<HYP HPOS="653" VPOS="862" WIDTH="16" CONTENT="-"/>
					</TextLine>
					<TextLine ID="P5_TL00012" HPOS="127" VPOS="894" WIDTH="48" HEIGHT="23">
						<String ID="P5_ST00053" HPOS="127" VPOS="894" WIDTH="48" HEIGHT="23" CONTENT="dia." SUBS_TYPE="HypPart2" SUBS_CONTENT="media." WC="1.00" CC="0000"/>
					</TextLine>
					<TextLine ID="P5_TL00013" HPOS="160" VPOS="938" WIDTH="508" HEIGHT="30">
						<String ID="P5_ST00054" HPOS="160" VPOS="938" WIDTH="53" HEIGHT="24" CONTENT="The" WC="1.00" CC="000"/>
						<SP ID="P5_SP00043" HPOS="213" VPOS="962" WIDTH="17"/>
						<String ID="P5_ST00055" HPOS="230" VPOS="940" WIDTH="92" HEIGHT="23" CONTENT="section" WC="1.00" CC="0010001"/>
						<SP ID="P5_SP00044" HPOS="322" VPOS="963" WIDTH="19"/>
						<String ID="P5_ST00056" HPOS="341" VPOS="947" WIDTH="31" HEIGHT="16" CONTENT="on" WC="1.00" CC="00"/>
						<SP ID="P5_SP00045" HPOS="372" VPOS="963" WIDTH="19"/>
						<String ID="P5_ST00057" HPOS="391" VPOS="940" WIDTH="41" HEIGHT="23" CONTENT="the" WC="1.00" CC="001"/>
						<SP ID="P5_SP00046" HPOS="432" VPOS="963" WIDTH="17"/>
						<String ID="P5_ST00058" HPOS="449" VPOS="939" WIDTH="99" HEIGHT="23" CONTENT="student" WC="1.00" CC="1000000"/>
						<SP ID="P5_SP00047" HPOS="548" VPOS="963" WIDTH="18"/>
						<String ID="P5_ST00059" HPOS="566" VPOS="945" WIDTH="102" HEIGHT="23" CONTENT="press—" WC="1.00" CC="000110"/>
					</TextLine>
					<TextLine ID="P5_TL00014" HPOS="127" VPOS="977" WIDTH="541" HEIGHT="31">
						<String ID="P5_ST00060" HPOS="127" VPOS="977" WIDTH="127" HEIGHT="30" CONTENT="including" WC="1.00" CC="101100000"/>
						<SP ID="P5_SP00048" HPOS="254" VPOS="1007" WIDTH="21"/>
						<String ID="P5_ST00061" HPOS="275" VPOS="979" WIDTH="65" HEIGHT="29" CONTENT="print" WC="1.00" CC="00100"/>
						<SP ID="P5_SP00049" HPOS="340" VPOS="1008" WIDTH="21"/>
						<String ID="P5_ST00062" HPOS="361" VPOS="979" WIDTH="49" HEIGHT="23" CONTENT="and" WC="1.00" CC="100"/>
						<SP ID="P5_SP00050" HPOS="410" VPOS="1008" WIDTH="22"/>
						<String ID="P5_ST00063" HPOS="432" VPOS="978" WIDTH="130" HEIGHT="23" CONTENT="broadcast" WC="1.00" CC="000000000"/>
						<SP ID="P5_SP00051" HPOS="562" VPOS="1008" WIDTH="25"/>
						<String ID="P5_ST00064" HPOS="587" VPOS="977" WIDTH="81" HEIGHT="23" CONTENT="media" WC="1.00" CC="11000"/>
					</TextLine>
					<TextLine ID="P5_TL00015" HPOS="125" VPOS="1016" WIDTH="542" HEIGHT="31">
						<String ID="P5_ST00065" HPOS="125" VPOS="1019" WIDTH="134" HEIGHT="21" CONTENT="—stresses" WC="1.00" CC="010100100"/>
						<SP ID="P5_SP00052" HPOS="259" VPOS="1040" WIDTH="21"/>
						<String ID="P5_ST00066" HPOS="280" VPOS="1017" WIDTH="81" HEIGHT="30" CONTENT="policy" WC="1.00" CC="010000"/>
						<SP ID="P5_SP00053" HPOS="361" VPOS="1047" WIDTH="22"/>
						<String ID="P5_ST00067" HPOS="383" VPOS="1017" WIDTH="82" HEIGHT="23" CONTENT="rather" WC="1.00" CC="100010"/>
						<SP ID="P5_SP00054" HPOS="465" VPOS="1047" WIDTH="18"/>
						<String ID="P5_ST00068" HPOS="483" VPOS="1016" WIDTH="60" HEIGHT="24" CONTENT="than" WC="1.00" CC="0001"/>
						<SP ID="P5_SP00055" HPOS="543" VPOS="1047" WIDTH="22"/>
						<String ID="P5_ST00069" HPOS="565" VPOS="1016" WIDTH="88" HEIGHT="29" CONTENT="proced" SUBS_TYPE="HypPart1" SUBS_CONTENT="procedures." WC="1.00" CC="001000"/>
						<HYP HPOS="653" VPOS="1016" WIDTH="14" CONTENT="-"/>
					</TextLine>
					<TextLine ID="P5_TL00016" HPOS="126" VPOS="1054" WIDTH="541" HEIGHT="31">
						<String ID="P5_ST00070" HPOS="126" VPOS="1061" WIDTH="62" HEIGHT="17" CONTENT="ures." SUBS_TYPE="HypPart2" SUBS_CONTENT="procedures." WC="1.00" CC="00110"/>
						<SP ID="P5_SP00056" HPOS="188" VPOS="1078" WIDTH="24"/>
						<String ID="P5_ST00071" HPOS="212" VPOS="1055" WIDTH="21" HEIGHT="23" CONTENT="It" WC="0.98" CC="01"/>
						<SP ID="P5_SP00057" HPOS="233" VPOS="1078" WIDTH="23"/>
						<String ID="P5_ST00072" HPOS="256" VPOS="1056" WIDTH="113" HEIGHT="29" CONTENT="provides" WC="1.00" CC="00001001"/>
						<SP ID="P5_SP00058" HPOS="369" VPOS="1085" WIDTH="24"/>
						<String ID="P5_ST00073" HPOS="393" VPOS="1056" WIDTH="39" HEIGHT="23" CONTENT="for" WC="1.00" CC="000"/>
						<SP ID="P5_SP00059" HPOS="432" VPOS="1085" WIDTH="22"/>
						<String ID="P5_ST00074" HPOS="454" VPOS="1055" WIDTH="41" HEIGHT="24" CONTENT="the" WC="1.00" CC="000"/>
						<SP ID="P5_SP00060" HPOS="495" VPOS="1085" WIDTH="23"/>
						<String ID="P5_ST00075" HPOS="518" VPOS="1054" WIDTH="86" HEIGHT="27" CONTENT="board," WC="1.00" CC="010001"/>
						<SP ID="P5_SP00061" HPOS="604" VPOS="1085" WIDTH="23"/>
						<String ID="P5_ST00076" HPOS="627" VPOS="1054" WIDTH="40" HEIGHT="24" CONTENT="for" WC="1.00" CC="000"/>
					</TextLine>
					<TextLine ID="P5_TL00017" HPOS="125" VPOS="1093" WIDTH="539" HEIGHT="27">
						<String ID="P5_ST00077" HPOS="125" VPOS="1093" WIDTH="114" HEIGHT="23" CONTENT="freedom" WC="1.00" CC="0002000"/>
						<SP ID="P5_SP00062" HPOS="239" VPOS="1116" WIDTH="18"/>
						<String ID="P5_ST00078" HPOS="257" VPOS="1094" WIDTH="29" HEIGHT="23" CONTENT="of" WC="1.00" CC="00"/>
						<SP ID="P5_SP00063" HPOS="286" VPOS="1117" WIDTH="18"/>
						<String ID="P5_ST00079" HPOS="304" VPOS="1094" WIDTH="170" HEIGHT="26" CONTENT="information," WC="1.00" CC="000001110000"/>
						<SP ID="P5_SP00064" HPOS="474" VPOS="1120" WIDTH="21"/>
						<String ID="P5_ST00080" HPOS="495" VPOS="1093" WIDTH="40" HEIGHT="23" CONTENT="for" WC="1.00" CC="000"/>
						<SP ID="P5_SP00065" HPOS="535" VPOS="1120" WIDTH="19"/>
						<String ID="P5_ST00081" HPOS="554" VPOS="1093" WIDTH="110" HEIGHT="24" CONTENT="editorial" WC="1.00" CC="000001110"/>
					</TextLine>
					<TextLine ID="P5_TL00018" HPOS="126" VPOS="1132" WIDTH="539" HEIGHT="29">
						<String ID="P5_ST00082" HPOS="126" VPOS="1132" WIDTH="186" HEIGHT="29" CONTENT="independence" WC="1.00" CC="001000000100"/>
						<SP ID="P5_SP00066" HPOS="312" VPOS="1161" WIDTH="13"/>
						<String ID="P5_ST00083" HPOS="325" VPOS="1133" WIDTH="48" HEIGHT="23" CONTENT="and" WC="1.00" CC="000"/>
						<SP ID="P5_SP00067" HPOS="373" VPOS="1161" WIDTH="15"/>
						<String ID="P5_ST00084" HPOS="388" VPOS="1132" WIDTH="39" HEIGHT="23" CONTENT="for" WC="1.00" CC="000"/>
						<SP ID="P5_SP00068" HPOS="427" VPOS="1161" WIDTH="14"/>
						<String ID="P5_ST00085" HPOS="441" VPOS="1132" WIDTH="162" HEIGHT="29" CONTENT="maintaining" WC="1.00" CC="00000000001"/>
						<SP ID="P5_SP00069" HPOS="603" VPOS="1161" WIDTH="12"/>
						<String ID="P5_ST00086" HPOS="615" VPOS="1132" WIDTH="38" HEIGHT="23" CONTENT="suf" SUBS_TYPE="HypPart1" SUBS_CONTENT="sufficient" WC="1.00" CC="000"/>
						<HYP HPOS="653" VPOS="1132" WIDTH="12" CONTENT="-"/>
					</TextLine>
					<TextLine ID="P5_TL00019" HPOS="125" VPOS="1170" WIDTH="539" HEIGHT="29">
						<String ID="P5_ST00087" HPOS="125" VPOS="1170" WIDTH="85" HEIGHT="24" CONTENT="ficient" SUBS_TYPE="HypPart2" SUBS_CONTENT="sufficient" WC="1.00" CC="0101000"/>
						<SP ID="P5_SP00070" HPOS="210" VPOS="1194" WIDTH="34"/>
						<String ID="P5_ST00088" HPOS="244" VPOS="1171" WIDTH="117" HEIGHT="24" CONTENT="financial" WC="1.00" CC="000000101"/>
						<SP ID="P5_SP00071" HPOS="361" VPOS="1195" WIDTH="33"/>
						<String ID="P5_ST00089" HPOS="394" VPOS="1175" WIDTH="144" HEIGHT="24" CONTENT="autonomy," WC="1.00" CC="001100001"/>
						<SP ID="P5_SP00072" HPOS="538" VPOS="1199" WIDTH="35"/>
						<String ID="P5_ST00090" HPOS="573" VPOS="1170" WIDTH="42" HEIGHT="24" CONTENT="but" WC="1.00" CC="000"/>
						<SP ID="P5_SP00073" HPOS="615" VPOS="1199" WIDTH="34"/>
						<String ID="P5_ST00091" HPOS="649" VPOS="1172" WIDTH="15" HEIGHT="23" CONTENT="it" WC="1.00" CC="00"/>
					</TextLine>
					<TextLine ID="P5_TL00020" HPOS="125" VPOS="1209" WIDTH="539" HEIGHT="30">
						<String ID="P5_ST00092" HPOS="125" VPOS="1209" WIDTH="123" HEIGHT="24" CONTENT="mentions" WC="1.00" CC="11000000"/>
						<SP ID="P5_SP00074" HPOS="248" VPOS="1233" WIDTH="29"/>
						<String ID="P5_ST00093" HPOS="277" VPOS="1210" WIDTH="103" HEIGHT="29" CONTENT="nothing" WC="1.00" CC="1000001"/>
						<SP ID="P5_SP00075" HPOS="380" VPOS="1239" WIDTH="29"/>
						<String ID="P5_ST00094" HPOS="409" VPOS="1209" WIDTH="74" HEIGHT="23" CONTENT="about" WC="1.00" CC="00001"/>
						<SP ID="P5_SP00076" HPOS="483" VPOS="1239" WIDTH="30"/>
						<String ID="P5_ST00095" HPOS="513" VPOS="1209" WIDTH="56" HEIGHT="23" CONTENT="how" WC="1.00" CC="110"/>
						<SP ID="P5_SP00077" HPOS="569" VPOS="1239" WIDTH="29"/>
						<String ID="P5_ST00096" HPOS="598" VPOS="1210" WIDTH="66" HEIGHT="24" CONTENT="these" WC="1.00" CC="00020"/>
					</TextLine>
					<TextLine ID="P5_TL00021" HPOS="125" VPOS="1248" WIDTH="381" HEIGHT="29">
						<String ID="P5_ST00097" HPOS="125" VPOS="1248" WIDTH="81" HEIGHT="29" CONTENT="things" WC="1.00" CC="000001"/>
						<SP ID="P5_SP00078" HPOS="206" VPOS="1277" WIDTH="11"/>
						<String ID="P5_ST00098" HPOS="217" VPOS="1255" WIDTH="42" HEIGHT="16" CONTENT="are" WC="1.00" CC="000"/>
						<SP ID="P5_SP00079" HPOS="259" VPOS="1277" WIDTH="12"/>
						<String ID="P5_ST00099" HPOS="271" VPOS="1253" WIDTH="25" HEIGHT="18" CONTENT="to" WC="1.00" CC="00"/>
						<SP ID="P5_SP00080" HPOS="296" VPOS="1277" WIDTH="11"/>
						<String ID="P5_ST00100" HPOS="307" VPOS="1248" WIDTH="31" HEIGHT="23" CONTENT="be" WC="0.96" CC="01"/>
						<SP ID="P5_SP00081" HPOS="338" VPOS="1277" WIDTH="11"/>
						<String ID="P5_ST00101" HPOS="349" VPOS="1248" WIDTH="94" HEIGHT="23" CONTENT="carried" WC="1.00" CC="0001101"/>
						<SP ID="P5_SP00082" HPOS="443" VPOS="1277" WIDTH="12"/>
						<String ID="P5_ST00102" HPOS="455" VPOS="1252" WIDTH="51" HEIGHT="18" CONTENT="out." WC="1.00" CC="0000"/>
					</TextLine>
					<TextLine ID="P5_TL00022" HPOS="157" VPOS="1299" WIDTH="507" HEIGHT="30">
						<String ID="P5_ST00103" HPOS="157" VPOS="1299" WIDTH="151" HEIGHT="24" CONTENT="Committee" WC="1.00" CC="001000010"/>
						<SP ID="P5_SP00083" HPOS="308" VPOS="1323" WIDTH="19"/>
						<String ID="P5_ST00104" HPOS="327" VPOS="1299" WIDTH="122" HEIGHT="23" CONTENT="members" WC="1.00" CC="1100001"/>
						<SP ID="P5_SP00084" HPOS="449" VPOS="1323" WIDTH="17"/>
						<String ID="P5_ST00105" HPOS="466" VPOS="1299" WIDTH="129" HEIGHT="30" CONTENT="explained" WC="1.00" CC="010000100"/>
						<SP ID="P5_SP00085" HPOS="595" VPOS="1329" WIDTH="18"/>
						<String ID="P5_ST00106" HPOS="613" VPOS="1301" WIDTH="51" HEIGHT="23" CONTENT="that" WC="1.00" CC="0001"/>
					</TextLine>
					<TextLine ID="P5_TL00023" HPOS="124" VPOS="1338" WIDTH="540" HEIGHT="28">
						<String ID="P5_ST00107" HPOS="124" VPOS="1338" WIDTH="16" HEIGHT="23" CONTENT="it" WC="1.00" CC="00"/>
						<SP ID="P5_SP00086" HPOS="140" VPOS="1361" WIDTH="21"/>
						<String ID="P5_ST00108" HPOS="161" VPOS="1338" WIDTH="82" HEIGHT="23" CONTENT="would" WC="1.00" CC="00010"/>
						<SP ID="P5_SP00087" HPOS="243" VPOS="1361" WIDTH="20"/>
						<String ID="P5_ST00109" HPOS="263" VPOS="1338" WIDTH="31" HEIGHT="24" CONTENT="be" WC="0.98" CC="01"/>
						<SP ID="P5_SP00088" HPOS="294" VPOS="1362" WIDTH="17"/>
						<String ID="P5_ST00110" HPOS="311" VPOS="1338" WIDTH="41" HEIGHT="23" CONTENT="the" WC="1.00" CC="010"/>
						<SP ID="P5_SP00089" HPOS="352" VPOS="1362" WIDTH="20"/>
						<String ID="P5_ST00111" HPOS="372" VPOS="1338" WIDTH="41" HEIGHT="28" CONTENT="job" WC="1.00" CC="100"/>
						<SP ID="P5_SP00090" HPOS="413" VPOS="1366" WIDTH="20"/>
						<String ID="P5_ST00112" HPOS="433" VPOS="1338" WIDTH="28" HEIGHT="23" CONTENT="of" WC="0.98" CC="10"/>
						<SP ID="P5_SP00091" HPOS="461" VPOS="1366" WIDTH="19"/>
						<String ID="P5_ST00113" HPOS="480" VPOS="1339" WIDTH="41" HEIGHT="23" CONTENT="the" WC="1.00" CC="000"/>
						<SP ID="P5_SP00092" HPOS="521" VPOS="1366" WIDTH="20"/>
						<String ID="P5_ST00114" HPOS="541" VPOS="1339" WIDTH="76" HEIGHT="24" CONTENT="board" WC="1.00" CC="00000"/>
						<SP ID="P5_SP00093" HPOS="617" VPOS="1366" WIDTH="21"/>
						<String ID="P5_ST00115" HPOS="638" VPOS="1344" WIDTH="26" HEIGHT="19" CONTENT="to" WC="1.00" CC="00"/>
					</TextLine>
					<TextLine ID="P5_TL00024" HPOS="123" VPOS="1376" WIDTH="541" HEIGHT="31">
						<String ID="P5_ST00116" HPOS="123" VPOS="1381" WIDTH="36" HEIGHT="19" CONTENT="set" WC="1.00" CC="100"/>
						<SP ID="P5_SP00094" HPOS="159" VPOS="1400" WIDTH="17"/>
						<String ID="P5_ST00117" HPOS="176" VPOS="1384" WIDTH="33" HEIGHT="23" CONTENT="up" WC="1.00" CC="00"/>
						<SP ID="P5_SP00095" HPOS="209" VPOS="1407" WIDTH="17"/>
						<String ID="P5_ST00118" HPOS="226" VPOS="1377" WIDTH="41" HEIGHT="23" CONTENT="the" WC="1.00" CC="000"/>
						<SP ID="P5_SP00096" HPOS="267" VPOS="1407" WIDTH="18"/>
						<String ID="P5_ST00119" HPOS="285" VPOS="1383" WIDTH="84" HEIGHT="17" CONTENT="means" WC="1.00" CC="00002"/>
						<SP ID="P5_SP00097" HPOS="369" VPOS="1407" WIDTH="18"/>
						<String ID="P5_ST00120" HPOS="387" VPOS="1376" WIDTH="29" HEIGHT="24" CONTENT="of" WC="1.00" CC="00"/>
						<SP ID="P5_SP00098" HPOS="416" VPOS="1407" WIDTH="16"/>
						<String ID="P5_ST00121" HPOS="432" VPOS="1377" WIDTH="113" HEIGHT="30" CONTENT="carrying" WC="1.00" CC="00000001"/>
						<SP ID="P5_SP00099" HPOS="545" VPOS="1407" WIDTH="16"/>
						<String ID="P5_ST00122" HPOS="561" VPOS="1381" WIDTH="44" HEIGHT="20" CONTENT="out" WC="1.00" CC="000"/>
						<SP ID="P5_SP00100" HPOS="605" VPOS="1407" WIDTH="18"/>
						<String ID="P5_ST00123" HPOS="623" VPOS="1378" WIDTH="41" HEIGHT="23" CONTENT="the" WC="1.00" CC="000"/>
					</TextLine>
					<TextLine ID="P5_TL00025" HPOS="123" VPOS="1415" WIDTH="540" HEIGHT="30">
						<String ID="P5_ST00124" HPOS="123" VPOS="1415" WIDTH="66" HEIGHT="24" CONTENT="basic" WC="1.00" CC="00000"/>
						<SP ID="P5_SP00101" HPOS="189" VPOS="1439" WIDTH="17"/>
						<String ID="P5_ST00125" HPOS="206" VPOS="1415" WIDTH="82" HEIGHT="30" CONTENT="policy" WC="1.00" CC="000000"/>
						<SP ID="P5_SP00102" HPOS="288" VPOS="1445" WIDTH="15"/>
						<String ID="P5_ST00126" HPOS="303" VPOS="1419" WIDTH="129" HEIGHT="20" CONTENT="statement" WC="1.00" CC="010100000"/>
						<SP ID="P5_SP00103" HPOS="432" VPOS="1445" WIDTH="17"/>
						<String ID="P5_ST00127" HPOS="449" VPOS="1416" WIDTH="28" HEIGHT="23" CONTENT="of" WC="1.00" CC="00"/>
						<SP ID="P5_SP00104" HPOS="477" VPOS="1445" WIDTH="16"/>
						<String ID="P5_ST00128" HPOS="493" VPOS="1416" WIDTH="40" HEIGHT="24" CONTENT="the" WC="1.00" CC="000"/>
						<SP ID="P5_SP00105" HPOS="533" VPOS="1445" WIDTH="16"/>
						<String ID="P5_ST00129" HPOS="549" VPOS="1417" WIDTH="98" HEIGHT="23" CONTENT="commit" SUBS_TYPE="HypPart1" SUBS_CONTENT="committee." WC="1.00" CC="001000"/>
						<HYP HPOS="647" VPOS="1417" WIDTH="16" CONTENT="-"/>
					</TextLine>
					<TextLine ID="P5_TL00026" HPOS="124" VPOS="1458" WIDTH="45" HEIGHT="20">
						<String ID="P5_ST00130" HPOS="124" VPOS="1458" WIDTH="45" HEIGHT="20" CONTENT="tee." SUBS_TYPE="HypPart2" SUBS_CONTENT="committee." WC="1.00" CC="0020"/>
					</TextLine>
					<TextLine ID="P5_TL00027" HPOS="156" VPOS="1499" WIDTH="507" HEIGHT="30">
						<String ID="P5_ST00131" HPOS="156" VPOS="1499" WIDTH="53" HEIGHT="23" CONTENT="The" WC="1.00" CC="000"/>
						<SP ID="P5_SP00106" HPOS="209" VPOS="1522" WIDTH="15"/>
						<String ID="P5_ST00132" HPOS="224" VPOS="1499" WIDTH="225" HEIGHT="23" CONTENT="communications" WC="1.00" CC="00110000010000"/>
						<SP ID="P5_SP00107" HPOS="449" VPOS="1522" WIDTH="16"/>
						<String ID="P5_ST00133" HPOS="465" VPOS="1499" WIDTH="83" HEIGHT="26" CONTENT="board," WC="1.00" CC="000001"/>
						<SP ID="P5_SP00108" HPOS="548" VPOS="1525" WIDTH="17"/>
						<String ID="P5_ST00134" HPOS="565" VPOS="1507" WIDTH="26" HEIGHT="16" CONTENT="as" WC="0.98" CC="01"/>
						<SP ID="P5_SP00109" HPOS="591" VPOS="1525" WIDTH="16"/>
						<String ID="P5_ST00135" HPOS="607" VPOS="1507" WIDTH="42" HEIGHT="22" CONTENT="pro" SUBS_TYPE="HypPart1" SUBS_CONTENT="provided" WC="1.00" CC="000"/>
						<HYP HPOS="649" VPOS="1507" WIDTH="14" CONTENT="-"/>
					</TextLine>
					<TextLine ID="P5_TL00028" HPOS="123" VPOS="1537" WIDTH="538" HEIGHT="30">
						<String ID="P5_ST00136" HPOS="123" VPOS="1537" WIDTH="72" HEIGHT="24" CONTENT="vided" SUBS_TYPE="HypPart2" SUBS_CONTENT="provided" WC="1.00" CC="01010"/>
						<SP ID="P5_SP00110" HPOS="195" VPOS="1561" WIDTH="28"/>
						<String ID="P5_ST00137" HPOS="223" VPOS="1537" WIDTH="39" HEIGHT="24" CONTENT="for" WC="1.00" CC="000"/>
						<SP ID="P5_SP00111" HPOS="262" VPOS="1561" WIDTH="26"/>
						<String ID="P5_ST00138" HPOS="288" VPOS="1538" WIDTH="23" HEIGHT="23" CONTENT="in" WC="0.96" CC="01"/>
						<SP ID="P5_SP00112" HPOS="311" VPOS="1561" WIDTH="28"/>
						<String ID="P5_ST00139" HPOS="339" VPOS="1538" WIDTH="41" HEIGHT="23" CONTENT="the" WC="1.00" CC="010"/>
						<SP ID="P5_SP00113" HPOS="380" VPOS="1561" WIDTH="27"/>
						<String ID="P5_ST00140" HPOS="407" VPOS="1537" WIDTH="126" HEIGHT="30" CONTENT="approved" WC="1.00" CC="00000000"/>
						<SP ID="P5_SP00114" HPOS="533" VPOS="1567" WIDTH="27"/>
						<String ID="P5_ST00141" HPOS="560" VPOS="1538" WIDTH="101" HEIGHT="24" CONTENT="section," WC="1.00" CC="10000000"/>
					</TextLine>
					<TextLine ID="P5_TL00029" HPOS="122" VPOS="1575" WIDTH="541" HEIGHT="31">
						<String ID="P5_ST00142" HPOS="122" VPOS="1576" WIDTH="82" HEIGHT="23" CONTENT="would" WC="1.00" CC="00010"/>
						<SP ID="P5_SP00115" HPOS="204" VPOS="1599" WIDTH="16"/>
						<String ID="P5_ST00143" HPOS="220" VPOS="1576" WIDTH="30" HEIGHT="24" CONTENT="be" WC="0.98" CC="01"/>
						<SP ID="P5_SP00116" HPOS="250" VPOS="1600" WIDTH="14"/>
						<String ID="P5_ST00144" HPOS="264" VPOS="1576" WIDTH="156" HEIGHT="30" CONTENT="empowered" WC="1.00" CC="000011000"/>
						<SP ID="P5_SP00117" HPOS="420" VPOS="1606" WIDTH="16"/>
						<String ID="P5_ST00145" HPOS="436" VPOS="1579" WIDTH="26" HEIGHT="20" CONTENT="to" WC="0.96" CC="10"/>
						<SP ID="P5_SP00118" HPOS="462" VPOS="1606" WIDTH="14"/>
						<String ID="P5_ST00146" HPOS="476" VPOS="1575" WIDTH="115" HEIGHT="24" CONTENT="establish" WC="1.00" CC="010000010"/>
						<SP ID="P5_SP00119" HPOS="591" VPOS="1606" WIDTH="16"/>
						<String ID="P5_ST00147" HPOS="607" VPOS="1583" WIDTH="42" HEIGHT="23" CONTENT="pro" SUBS_TYPE="HypPart1" SUBS_CONTENT="procedures" WC="1.00" CC="000"/>
						<HYP HPOS="649" VPOS="1583" WIDTH="14" CONTENT="-"/>
					</TextLine>
					<TextLine ID="P5_TL00030" HPOS="122" VPOS="1614" WIDTH="540" HEIGHT="25">
						<String ID="P5_ST00148" HPOS="122" VPOS="1615" WIDTH="102" HEIGHT="24" CONTENT="cedures" SUBS_TYPE="HypPart2" SUBS_CONTENT="procedures" WC="1.00" CC="0000000"/>
						<SP ID="P5_SP00120" HPOS="224" VPOS="1639" WIDTH="25"/>
						<String ID="P5_ST00149" HPOS="249" VPOS="1615" WIDTH="40" HEIGHT="23" CONTENT="for" WC="1.00" CC="000"/>
						<SP ID="P5_SP00121" HPOS="289" VPOS="1639" WIDTH="23"/>
						<String ID="P5_ST00150" HPOS="312" VPOS="1615" WIDTH="42" HEIGHT="24" CONTENT="the" WC="1.00" CC="001"/>
						<SP ID="P5_SP00122" HPOS="354" VPOS="1639" WIDTH="23"/>
						<String ID="P5_ST00151" HPOS="377" VPOS="1614" WIDTH="117" HEIGHT="24" CONTENT="selection" WC="1.00" CC="110010000"/>
						<SP ID="P5_SP00123" HPOS="494" VPOS="1639" WIDTH="26"/>
						<String ID="P5_ST00152" HPOS="520" VPOS="1614" WIDTH="28" HEIGHT="23" CONTENT="of" WC="1.00" CC="00"/>
						<SP ID="P5_SP00124" HPOS="548" VPOS="1639" WIDTH="23"/>
						<String ID="P5_ST00153" HPOS="571" VPOS="1614" WIDTH="91" HEIGHT="23" CONTENT="editors" WC="1.00" CC="0000011"/>
					</TextLine>
					<TextLine ID="P5_TL00031" HPOS="122" VPOS="1652" WIDTH="539" HEIGHT="29">
						<String ID="P5_ST00154" HPOS="122" VPOS="1654" WIDTH="48" HEIGHT="23" CONTENT="and" WC="1.00" CC="000"/>
						<SP ID="P5_SP00125" HPOS="170" VPOS="1677" WIDTH="30"/>
						<String ID="P5_ST00155" HPOS="200" VPOS="1654" WIDTH="131" HEIGHT="23" CONTENT="broadcast" WC="1.00" CC="000000101"/>
						<SP ID="P5_SP00126" HPOS="331" VPOS="1677" WIDTH="30"/>
						<String ID="P5_ST00156" HPOS="361" VPOS="1659" WIDTH="136" HEIGHT="22" CONTENT="managers." WC="1.00" CC="000000010"/>
						<SP ID="P5_SP00127" HPOS="497" VPOS="1681" WIDTH="32"/>
						<String ID="P5_ST00157" HPOS="529" VPOS="1652" WIDTH="19" HEIGHT="23" CONTENT="It" WC="0.98" CC="10"/>
						<SP ID="P5_SP00128" HPOS="548" VPOS="1681" WIDTH="32"/>
						<String ID="P5_ST00158" HPOS="580" VPOS="1652" WIDTH="81" HEIGHT="23" CONTENT="would" WC="1.00" CC="00000"/>
					</TextLine>
				</TextBlock>
				<TextBlock ID="P5_TB00005" HPOS="704" VPOS="568" WIDTH="548" HEIGHT="1110" STYLEREFS="TXT_4 PAR_BLOCK">
					<TextLine ID="P5_TL00032" HPOS="713" VPOS="568" WIDTH="539" HEIGHT="30">
						<String ID="P5_ST00159" HPOS="713" VPOS="568" WIDTH="59" HEIGHT="24" CONTENT="also," WC="1.00" CC="01101"/>
						<SP ID="P5_SP00129" HPOS="772" VPOS="592" WIDTH="25"/>
						<String ID="P5_ST00160" HPOS="797" VPOS="568" WIDTH="143" HEIGHT="22" CONTENT="committee" WC="1.00" CC="010000101"/>
						<SP ID="P5_SP00130" HPOS="940" VPOS="592" WIDTH="25"/>
						<String ID="P5_ST00161" HPOS="965" VPOS="568" WIDTH="121" HEIGHT="23" CONTENT="members" WC="1.00" CC="1010001"/>
						<SP ID="P5_SP00131" HPOS="1086" VPOS="592" WIDTH="26"/>
						<String ID="P5_ST00162" HPOS="1112" VPOS="568" WIDTH="59" HEIGHT="28" CONTENT="said," WC="1.00" CC="10101"/>
						<SP ID="P5_SP00132" HPOS="1171" VPOS="596" WIDTH="26"/>
						<String ID="P5_ST00163" HPOS="1197" VPOS="575" WIDTH="42" HEIGHT="23" CONTENT="pro" SUBS_TYPE="HypPart1" SUBS_CONTENT="protect" WC="1.00" CC="010"/>
						<HYP HPOS="1239" VPOS="575" WIDTH="13" CONTENT="-"/>
					</TextLine>
					<TextLine ID="P5_TL00033" HPOS="713" VPOS="604" WIDTH="539" HEIGHT="31">
						<String ID="P5_ST00164" HPOS="713" VPOS="609" WIDTH="48" HEIGHT="20" CONTENT="tect" SUBS_TYPE="HypPart2" SUBS_CONTENT="protect" WC="1.00" CC="1010"/>
						<SP ID="P5_SP00133" HPOS="761" VPOS="629" WIDTH="27"/>
						<String ID="P5_ST00165" HPOS="788" VPOS="604" WIDTH="41" HEIGHT="24" CONTENT="the" WC="1.00" CC="000"/>
						<SP ID="P5_SP00134" HPOS="829" VPOS="629" WIDTH="26"/>
						<String ID="P5_ST00166" HPOS="855" VPOS="612" WIDTH="102" HEIGHT="23" CONTENT="campus" WC="1.00" CC="011000"/>
						<SP ID="P5_SP00135" HPOS="957" VPOS="635" WIDTH="28"/>
						<String ID="P5_ST00167" HPOS="985" VPOS="613" WIDTH="64" HEIGHT="17" CONTENT="news" WC="1.00" CC="0001"/>
						<SP ID="P5_SP00136" HPOS="1049" VPOS="635" WIDTH="28"/>
						<String ID="P5_ST00168" HPOS="1077" VPOS="607" WIDTH="82" HEIGHT="23" CONTENT="media" WC="1.00" CC="10000"/>
						<SP ID="P5_SP00137" HPOS="1159" VPOS="635" WIDTH="27"/>
						<String ID="P5_ST00169" HPOS="1186" VPOS="607" WIDTH="66" HEIGHT="23" CONTENT="from" WC="1.00" CC="0011"/>
					</TextLine>
					<TextLine ID="P5_TL00034" HPOS="712" VPOS="643" WIDTH="540" HEIGHT="30">
						<String ID="P5_ST00170" HPOS="712" VPOS="643" WIDTH="139" HEIGHT="30" CONTENT="capricious" WC="1.00" CC="0000011101"/>
						<SP ID="P5_SP00138" HPOS="851" VPOS="673" WIDTH="17"/>
						<String ID="P5_ST00171" HPOS="868" VPOS="644" WIDTH="120" HEIGHT="24" CONTENT="decisions" WC="1.00" CC="000110001"/>
						<SP ID="P5_SP00139" HPOS="988" VPOS="673" WIDTH="16"/>
						<String ID="P5_ST00172" HPOS="1004" VPOS="646" WIDTH="29" HEIGHT="22" CONTENT="of" WC="0.98" CC="10"/>
						<SP ID="P5_SP00140" HPOS="1033" VPOS="673" WIDTH="15"/>
						<String ID="P5_ST00173" HPOS="1048" VPOS="646" WIDTH="135" HEIGHT="23" CONTENT="individual" WC="1.00" CC="0001010000"/>
						<SP ID="P5_SP00141" HPOS="1183" VPOS="673" WIDTH="18"/>
						<String ID="P5_ST00174" HPOS="1201" VPOS="646" WIDTH="39" HEIGHT="23" CONTENT="fac" SUBS_TYPE="HypPart1" SUBS_CONTENT="faculty" WC="1.00" CC="000"/>
						<HYP HPOS="1240" VPOS="646" WIDTH="12" CONTENT="-"/>
					</TextLine>
					<TextLine ID="P5_TL00035" HPOS="714" VPOS="682" WIDTH="438" HEIGHT="29">
						<String ID="P5_ST00175" HPOS="714" VPOS="683" WIDTH="51" HEIGHT="28" CONTENT="ulty" SUBS_TYPE="HypPart2" SUBS_CONTENT="faculty" WC="1.00" CC="0010"/>
						<SP ID="P5_SP00142" HPOS="765" VPOS="711" WIDTH="12"/>
						<String ID="P5_ST00176" HPOS="777" VPOS="682" WIDTH="121" HEIGHT="24" CONTENT="members" WC="1.00" CC="1011000"/>
						<SP ID="P5_SP00143" HPOS="898" VPOS="711" WIDTH="12"/>
						<String ID="P5_ST00177" HPOS="910" VPOS="690" WIDTH="29" HEIGHT="16" CONTENT="or" WC="1.00" CC="00"/>
						<SP ID="P5_SP00144" HPOS="939" VPOS="711" WIDTH="10"/>
						<String ID="P5_ST00178" HPOS="949" VPOS="684" WIDTH="203" HEIGHT="24" CONTENT="administrators." WC="1.00" CC="000000100010000"/>
					</TextLine>
					<TextLine ID="P5_TL00036" HPOS="746" VPOS="727" WIDTH="506" HEIGHT="26">
						<String ID="P5_ST00179" HPOS="746" VPOS="727" WIDTH="53" HEIGHT="24" CONTENT="The" WC="1.00" CC="001"/>
						<SP ID="P5_SP00145" HPOS="799" VPOS="751" WIDTH="17"/>
						<String ID="P5_ST00180" HPOS="816" VPOS="727" WIDTH="76" HEIGHT="24" CONTENT="board" WC="1.00" CC="10010"/>
						<SP ID="P5_SP00146" HPOS="892" VPOS="751" WIDTH="17"/>
						<String ID="P5_ST00181" HPOS="909" VPOS="729" WIDTH="47" HEIGHT="22" CONTENT="will" WC="1.00" CC="1000"/>
						<SP ID="P5_SP00147" HPOS="956" VPOS="751" WIDTH="18"/>
						<String ID="P5_ST00182" HPOS="974" VPOS="729" WIDTH="53" HEIGHT="23" CONTENT="also" WC="1.00" CC="0011"/>
						<SP ID="P5_SP00148" HPOS="1027" VPOS="752" WIDTH="16"/>
						<String ID="P5_ST00183" HPOS="1043" VPOS="729" WIDTH="63" HEIGHT="24" CONTENT="have" WC="1.00" CC="0001"/>
						<SP ID="P5_SP00149" HPOS="1106" VPOS="753" WIDTH="17"/>
						<String ID="P5_ST00184" HPOS="1123" VPOS="729" WIDTH="41" HEIGHT="23" CONTENT="the" WC="1.00" CC="000"/>
						<SP ID="P5_SP00150" HPOS="1164" VPOS="753" WIDTH="17"/>
						<String ID="P5_ST00185" HPOS="1181" VPOS="729" WIDTH="57" HEIGHT="23" CONTENT="func" SUBS_TYPE="HypPart1" SUBS_CONTENT="function" WC="1.00" CC="0001"/>
						<HYP HPOS="1238" VPOS="729" WIDTH="14" CONTENT="-"/>
					</TextLine>
					<TextLine ID="P5_TL00037" HPOS="711" VPOS="766" WIDTH="540" HEIGHT="32">
						<String ID="P5_ST00186" HPOS="711" VPOS="766" WIDTH="51" HEIGHT="23" CONTENT="tion" SUBS_TYPE="HypPart2" SUBS_CONTENT="function" WC="1.00" CC="1010"/>
						<SP ID="P5_SP00151" HPOS="762" VPOS="789" WIDTH="29"/>
						<String ID="P5_ST00187" HPOS="791" VPOS="766" WIDTH="28" HEIGHT="23" CONTENT="of" WC="1.00" CC="00"/>
						<SP ID="P5_SP00152" HPOS="819" VPOS="789" WIDTH="28"/>
						<String ID="P5_ST00188" HPOS="847" VPOS="767" WIDTH="157" HEIGHT="31" CONTENT="establishing" WC="1.00" CC="010010010000"/>
						<SP ID="P5_SP00153" HPOS="1004" VPOS="798" WIDTH="29"/>
						<String ID="P5_ST00189" HPOS="1033" VPOS="769" WIDTH="149" HEIGHT="29" CONTENT="procedures" WC="1.00" CC="0110110011"/>
						<SP ID="P5_SP00154" HPOS="1182" VPOS="798" WIDTH="29"/>
						<String ID="P5_ST00190" HPOS="1211" VPOS="768" WIDTH="40" HEIGHT="23" CONTENT="for" WC="1.00" CC="000"/>
					</TextLine>
					<TextLine ID="P5_TL00038" HPOS="712" VPOS="804" WIDTH="538" HEIGHT="33">
						<String ID="P5_ST00191" HPOS="712" VPOS="804" WIDTH="101" HEIGHT="30" CONTENT="making" WC="1.00" CC="111001"/>
						<SP ID="P5_SP00155" HPOS="813" VPOS="834" WIDTH="22"/>
						<String ID="P5_ST00192" HPOS="835" VPOS="812" WIDTH="55" HEIGHT="17" CONTENT="sure" WC="1.00" CC="1000"/>
						<SP ID="P5_SP00156" HPOS="890" VPOS="834" WIDTH="23"/>
						<String ID="P5_ST00193" HPOS="913" VPOS="806" WIDTH="52" HEIGHT="24" CONTENT="that" WC="1.00" CC="0011"/>
						<SP ID="P5_SP00157" HPOS="965" VPOS="834" WIDTH="24"/>
						<String ID="P5_ST00194" HPOS="989" VPOS="807" WIDTH="40" HEIGHT="23" CONTENT="the" WC="1.00" CC="100"/>
						<SP ID="P5_SP00158" HPOS="1029" VPOS="834" WIDTH="24"/>
						<String ID="P5_ST00195" HPOS="1053" VPOS="807" WIDTH="81" HEIGHT="30" CONTENT="policy" WC="1.00" CC="000001"/>
						<SP ID="P5_SP00159" HPOS="1134" VPOS="837" WIDTH="25"/>
						<String ID="P5_ST00196" HPOS="1159" VPOS="807" WIDTH="28" HEIGHT="23" CONTENT="of" WC="0.96" CC="11"/>
						<SP ID="P5_SP00160" HPOS="1187" VPOS="837" WIDTH="23"/>
						<String ID="P5_ST00197" HPOS="1210" VPOS="806" WIDTH="40" HEIGHT="23" CONTENT="the" WC="1.00" CC="001"/>
					</TextLine>
					<TextLine ID="P5_TL00039" HPOS="710" VPOS="844" WIDTH="540" HEIGHT="30">
						<String ID="P5_ST00198" HPOS="710" VPOS="844" WIDTH="98" HEIGHT="23" CONTENT="student" WC="1.00" CC="1010000"/>
						<SP ID="P5_SP00161" HPOS="808" VPOS="867" WIDTH="25"/>
						<String ID="P5_ST00199" HPOS="833" VPOS="845" WIDTH="74" HEIGHT="29" CONTENT="rights" WC="1.00" CC="000101"/>
						<SP ID="P5_SP00162" HPOS="907" VPOS="874" WIDTH="25"/>
						<String ID="P5_ST00200" HPOS="932" VPOS="850" WIDTH="130" HEIGHT="19" CONTENT="statement" WC="1.00" CC="101000000"/>
						<SP ID="P5_SP00163" HPOS="1062" VPOS="874" WIDTH="25"/>
						<String ID="P5_ST00201" HPOS="1087" VPOS="846" WIDTH="19" HEIGHT="23" CONTENT="is" WC="0.96" CC="11"/>
						<SP ID="P5_SP00164" HPOS="1106" VPOS="874" WIDTH="26"/>
						<String ID="P5_ST00202" HPOS="1132" VPOS="850" WIDTH="42" HEIGHT="19" CONTENT="not" WC="1.00" CC="001"/>
						<SP ID="P5_SP00165" HPOS="1174" VPOS="874" WIDTH="26"/>
						<String ID="P5_ST00203" HPOS="1200" VPOS="845" WIDTH="38" HEIGHT="24" CONTENT="vio" SUBS_TYPE="HypPart1" SUBS_CONTENT="violated" WC="1.00" CC="010"/>
						<HYP HPOS="1238" VPOS="845" WIDTH="12" CONTENT="-"/>
					</TextLine>
					<TextLine ID="P5_TL00040" HPOS="711" VPOS="882" WIDTH="539" HEIGHT="31">
						<String ID="P5_ST00204" HPOS="711" VPOS="882" WIDTH="64" HEIGHT="23" CONTENT="lated" SUBS_TYPE="HypPart2" SUBS_CONTENT="violated" WC="1.00" CC="01010"/>
						<SP ID="P5_SP00166" HPOS="775" VPOS="905" WIDTH="20"/>
						<String ID="P5_ST00205" HPOS="795" VPOS="883" WIDTH="31" HEIGHT="29" CONTENT="by" WC="1.00" CC="00"/>
						<SP ID="P5_SP00167" HPOS="826" VPOS="912" WIDTH="20"/>
						<String ID="P5_ST00206" HPOS="846" VPOS="891" WIDTH="47" HEIGHT="22" CONTENT="any" WC="1.00" CC="000"/>
						<SP ID="P5_SP00168" HPOS="893" VPOS="913" WIDTH="21"/>
						<String ID="P5_ST00207" HPOS="914" VPOS="884" WIDTH="110" HEIGHT="23" CONTENT="member" WC="1.00" CC="000000"/>
						<SP ID="P5_SP00169" HPOS="1024" VPOS="913" WIDTH="21"/>
						<String ID="P5_ST00208" HPOS="1045" VPOS="885" WIDTH="27" HEIGHT="23" CONTENT="of" WC="1.00" CC="00"/>
						<SP ID="P5_SP00170" HPOS="1072" VPOS="913" WIDTH="20"/>
						<String ID="P5_ST00209" HPOS="1092" VPOS="884" WIDTH="40" HEIGHT="24" CONTENT="the" WC="1.00" CC="000"/>
						<SP ID="P5_SP00171" HPOS="1132" VPOS="913" WIDTH="22"/>
						<String ID="P5_ST00210" HPOS="1154" VPOS="885" WIDTH="83" HEIGHT="22" CONTENT="univer" SUBS_TYPE="HypPart1" SUBS_CONTENT="university." WC="1.00" CC="000000"/>
						<HYP HPOS="1237" VPOS="885" WIDTH="13" CONTENT="-"/>
					</TextLine>
					<TextLine ID="P5_TL00041" HPOS="711" VPOS="921" WIDTH="53" HEIGHT="29">
						<String ID="P5_ST00211" HPOS="711" VPOS="921" WIDTH="53" HEIGHT="29" CONTENT="sity." SUBS_TYPE="HypPart2" SUBS_CONTENT="university." WC="1.00" CC="10010"/>
					</TextLine>
					<TextLine ID="P5_TL00042" HPOS="743" VPOS="966" WIDTH="507" HEIGHT="30">
						<String ID="P5_ST00212" HPOS="743" VPOS="966" WIDTH="80" HEIGHT="25" CONTENT="There" WC="1.00" CC="01001"/>
						<SP ID="P5_SP00172" HPOS="823" VPOS="991" WIDTH="18"/>
						<String ID="P5_ST00213" HPOS="841" VPOS="968" WIDTH="47" HEIGHT="23" CONTENT="will" WC="1.00" CC="0000"/>
						<SP ID="P5_SP00173" HPOS="888" VPOS="991" WIDTH="21"/>
						<String ID="P5_ST00214" HPOS="909" VPOS="968" WIDTH="29" HEIGHT="23" CONTENT="be" WC="0.96" CC="10"/>
						<SP ID="P5_SP00174" HPOS="938" VPOS="991" WIDTH="20"/>
						<String ID="P5_ST00215" HPOS="958" VPOS="967" WIDTH="57" HEIGHT="24" CONTENT="nine" WC="1.00" CC="0100"/>
						<SP ID="P5_SP00175" HPOS="1015" VPOS="991" WIDTH="19"/>
						<String ID="P5_ST00216" HPOS="1034" VPOS="974" WIDTH="102" HEIGHT="22" CONTENT="persons" WC="1.00" CC="0001001"/>
						<SP ID="P5_SP00176" HPOS="1136" VPOS="996" WIDTH="20"/>
						<String ID="P5_ST00217" HPOS="1156" VPOS="975" WIDTH="32" HEIGHT="15" CONTENT="on" WC="1.00" CC="00"/>
						<SP ID="P5_SP00177" HPOS="1188" VPOS="996" WIDTH="21"/>
						<String ID="P5_ST00218" HPOS="1209" VPOS="967" WIDTH="41" HEIGHT="24" CONTENT="the" WC="1.00" CC="101"/>
					</TextLine>
					<TextLine ID="P5_TL00043" HPOS="709" VPOS="1005" WIDTH="540" HEIGHT="30">
						<String ID="P5_ST00219" HPOS="709" VPOS="1005" WIDTH="77" HEIGHT="24" CONTENT="board" WC="1.00" CC="20100"/>
						<String ID="P5_ST00220" HPOS="787" VPOS="1006" WIDTH="104" HEIGHT="25" CONTENT="—three" WC="1.00" CC="000001"/>
						<SP ID="P5_SP00178" HPOS="891" VPOS="1031" WIDTH="25"/>
						<String ID="P5_ST00221" HPOS="916" VPOS="1006" WIDTH="118" HEIGHT="25" CONTENT="students," WC="1.00" CC="010100000"/>
						<SP ID="P5_SP00179" HPOS="1034" VPOS="1031" WIDTH="27"/>
						<String ID="P5_ST00222" HPOS="1061" VPOS="1006" WIDTH="68" HEIGHT="24" CONTENT="three" WC="1.00" CC="00001"/>
						<SP ID="P5_SP00180" HPOS="1129" VPOS="1031" WIDTH="27"/>
						<String ID="P5_ST00223" HPOS="1156" VPOS="1006" WIDTH="93" HEIGHT="29" CONTENT="faculty" WC="1.00" CC="1000001"/>
					</TextLine>
					<TextLine ID="P5_TL00044" HPOS="711" VPOS="1044" WIDTH="477" HEIGHT="24">
						<String ID="P5_ST00224" HPOS="711" VPOS="1044" WIDTH="120" HEIGHT="24" CONTENT="members" WC="1.00" CC="0000101"/>
						<SP ID="P5_SP00181" HPOS="831" VPOS="1068" WIDTH="13"/>
						<String ID="P5_ST00225" HPOS="844" VPOS="1045" WIDTH="47" HEIGHT="23" CONTENT="and" WC="1.00" CC="001"/>
						<SP ID="P5_SP00182" HPOS="891" VPOS="1068" WIDTH="13"/>
						<String ID="P5_ST00226" HPOS="904" VPOS="1045" WIDTH="68" HEIGHT="22" CONTENT="three" WC="1.00" CC="00000"/>
						<SP ID="P5_SP00183" HPOS="972" VPOS="1068" WIDTH="13"/>
						<String ID="P5_ST00227" HPOS="985" VPOS="1044" WIDTH="203" HEIGHT="24" CONTENT="administrators." WC="1.00" CC="001000010100000"/>
					</TextLine>
					<TextLine ID="P5_TL00045" HPOS="742" VPOS="1089" WIDTH="506" HEIGHT="25">
						<String ID="P5_ST00228" HPOS="742" VPOS="1090" WIDTH="55" HEIGHT="24" CONTENT="One" WC="1.00" CC="000"/>
						<SP ID="P5_SP00184" HPOS="797" VPOS="1114" WIDTH="22"/>
						<String ID="P5_ST00229" HPOS="819" VPOS="1090" WIDTH="98" HEIGHT="23" CONTENT="student" WC="1.00" CC="0010101"/>
						<SP ID="P5_SP00185" HPOS="917" VPOS="1114" WIDTH="24"/>
						<String ID="P5_ST00230" HPOS="941" VPOS="1089" WIDTH="47" HEIGHT="23" CONTENT="will" WC="1.00" CC="0000"/>
						<SP ID="P5_SP00186" HPOS="988" VPOS="1114" WIDTH="26"/>
						<String ID="P5_ST00231" HPOS="1014" VPOS="1089" WIDTH="30" HEIGHT="24" CONTENT="be" WC="1.00" CC="00"/>
						<SP ID="P5_SP00187" HPOS="1044" VPOS="1114" WIDTH="22"/>
						<String ID="P5_ST00232" HPOS="1066" VPOS="1090" WIDTH="92" HEIGHT="23" CONTENT="chosen" WC="1.00" CC="000100"/>
						<SP ID="P5_SP00188" HPOS="1158" VPOS="1114" WIDTH="25"/>
						<String ID="P5_ST00233" HPOS="1183" VPOS="1089" WIDTH="65" HEIGHT="23" CONTENT="from" WC="1.00" CC="0100"/>
					</TextLine>
					<TextLine ID="P5_TL00046" HPOS="708" VPOS="1128" WIDTH="539" HEIGHT="30">
						<String ID="P5_ST00234" HPOS="708" VPOS="1128" WIDTH="39" HEIGHT="24" CONTENT="the" WC="1.00" CC="100"/>
						<SP ID="P5_SP00189" HPOS="747" VPOS="1152" WIDTH="29"/>
						<String ID="P5_ST00235" HPOS="776" VPOS="1129" WIDTH="162" HEIGHT="29" CONTENT="Department" WC="1.00" CC="1101001001"/>
						<SP ID="P5_SP00190" HPOS="938" VPOS="1158" WIDTH="29"/>
						<String ID="P5_ST00236" HPOS="967" VPOS="1128" WIDTH="28" HEIGHT="23" CONTENT="of" WC="0.98" CC="10"/>
						<SP ID="P5_SP00191" HPOS="995" VPOS="1158" WIDTH="25"/>
						<String ID="P5_ST00237" HPOS="1020" VPOS="1128" WIDTH="151" HEIGHT="23" CONTENT="Journalism" WC="1.00" CC="0100000000"/>
						<SP ID="P5_SP00192" HPOS="1171" VPOS="1158" WIDTH="29"/>
						<String ID="P5_ST00238" HPOS="1200" VPOS="1128" WIDTH="47" HEIGHT="23" CONTENT="and" WC="1.00" CC="101"/>
					</TextLine>
					<TextLine ID="P5_TL00047" HPOS="708" VPOS="1166" WIDTH="541" HEIGHT="30">
						<String ID="P5_ST00239" HPOS="708" VPOS="1167" WIDTH="65" HEIGHT="23" CONTENT="from" WC="1.00" CC="0000"/>
						<SP ID="P5_SP00193" HPOS="773" VPOS="1190" WIDTH="17"/>
						<String ID="P5_ST00240" HPOS="790" VPOS="1167" WIDTH="40" HEIGHT="24" CONTENT="the" WC="1.00" CC="000"/>
						<SP ID="P5_SP00194" HPOS="830" VPOS="1191" WIDTH="17"/>
						<String ID="P5_ST00241" HPOS="847" VPOS="1168" WIDTH="164" HEIGHT="28" CONTENT="Department" WC="1.00" CC="0100000011"/>
						<SP ID="P5_SP00195" HPOS="1011" VPOS="1196" WIDTH="16"/>
						<String ID="P5_ST00242" HPOS="1027" VPOS="1167" WIDTH="28" HEIGHT="23" CONTENT="of" WC="1.00" CC="00"/>
						<SP ID="P5_SP00196" HPOS="1055" VPOS="1196" WIDTH="15"/>
						<String ID="P5_ST00243" HPOS="1070" VPOS="1166" WIDTH="162" HEIGHT="24" CONTENT="Communica" SUBS_TYPE="HypPart1" SUBS_CONTENT="Communications." WC="1.00" CC="002010001"/>
						<HYP HPOS="1232" VPOS="1166" WIDTH="17" CONTENT="-"/>
					</TextLine>
					<TextLine ID="P5_TL00048" HPOS="707" VPOS="1204" WIDTH="540" HEIGHT="31">
						<String ID="P5_ST00244" HPOS="707" VPOS="1206" WIDTH="70" HEIGHT="23" CONTENT="tions." SUBS_TYPE="HypPart2" SUBS_CONTENT="Communications." WC="1.00" CC="100010"/>
						<SP ID="P5_SP00197" HPOS="777" VPOS="1229" WIDTH="18"/>
						<String ID="P5_ST00245" HPOS="795" VPOS="1206" WIDTH="52" HEIGHT="23" CONTENT="The" WC="1.00" CC="000"/>
						<SP ID="P5_SP00198" HPOS="847" VPOS="1229" WIDTH="16"/>
						<String ID="P5_ST00246" HPOS="863" VPOS="1205" WIDTH="64" HEIGHT="23" CONTENT="third" WC="1.00" CC="10000"/>
						<SP ID="P5_SP00199" HPOS="927" VPOS="1229" WIDTH="16"/>
						<String ID="P5_ST00247" HPOS="943" VPOS="1206" WIDTH="97" HEIGHT="23" CONTENT="student" WC="1.00" CC="0100010"/>
						<SP ID="P5_SP00200" HPOS="1040" VPOS="1229" WIDTH="16"/>
						<String ID="P5_ST00248" HPOS="1056" VPOS="1204" WIDTH="191" HEIGHT="31" CONTENT="representative" WC="1.00" CC="00000110100000"/>
					</TextLine>
					<TextLine ID="P5_TL00049" HPOS="708" VPOS="1244" WIDTH="540" HEIGHT="29">
						<String ID="P5_ST00249" HPOS="708" VPOS="1245" WIDTH="17" HEIGHT="23" CONTENT="is" WC="1.00" CC="00"/>
						<SP ID="P5_SP00201" HPOS="725" VPOS="1268" WIDTH="21"/>
						<String ID="P5_ST00250" HPOS="746" VPOS="1249" WIDTH="25" HEIGHT="19" CONTENT="to" WC="0.98" CC="01"/>
						<SP ID="P5_SP00202" HPOS="771" VPOS="1268" WIDTH="19"/>
						<String ID="P5_ST00251" HPOS="790" VPOS="1245" WIDTH="29" HEIGHT="23" CONTENT="be" WC="1.00" CC="00"/>
						<SP ID="P5_SP00203" HPOS="819" VPOS="1268" WIDTH="20"/>
						<String ID="P5_ST00252" HPOS="839" VPOS="1244" WIDTH="105" HEIGHT="23" CONTENT="selected" WC="1.00" CC="00000110"/>
						<SP ID="P5_SP00204" HPOS="944" VPOS="1268" WIDTH="20"/>
						<String ID="P5_ST00253" HPOS="964" VPOS="1244" WIDTH="32" HEIGHT="29" CONTENT="by" WC="1.00" CC="00"/>
						<SP ID="P5_SP00205" HPOS="996" VPOS="1273" WIDTH="19"/>
						<String ID="P5_ST00254" HPOS="1015" VPOS="1248" WIDTH="55" HEIGHT="20" CONTENT="vote" WC="1.00" CC="0110"/>
						<SP ID="P5_SP00206" HPOS="1070" VPOS="1273" WIDTH="20"/>
						<String ID="P5_ST00255" HPOS="1090" VPOS="1244" WIDTH="29" HEIGHT="23" CONTENT="of" WC="1.00" CC="00"/>
						<SP ID="P5_SP00207" HPOS="1119" VPOS="1273" WIDTH="19"/>
						<String ID="P5_ST00256" HPOS="1138" VPOS="1244" WIDTH="41" HEIGHT="23" CONTENT="the" WC="1.00" CC="000"/>
						<SP ID="P5_SP00208" HPOS="1179" VPOS="1273" WIDTH="20"/>
						<String ID="P5_ST00257" HPOS="1199" VPOS="1247" WIDTH="37" HEIGHT="20" CONTENT="stu" SUBS_TYPE="HypPart1" SUBS_CONTENT="student" WC="1.00" CC="200"/>
						<HYP HPOS="1236" VPOS="1247" WIDTH="12" CONTENT="-"/>
					</TextLine>
					<TextLine ID="P5_TL00050" HPOS="708" VPOS="1283" WIDTH="142" HEIGHT="29">
						<String ID="P5_ST00258" HPOS="708" VPOS="1284" WIDTH="56" HEIGHT="22" CONTENT="dent" SUBS_TYPE="HypPart2" SUBS_CONTENT="student" WC="1.00" CC="1000"/>
						<SP ID="P5_SP00209" HPOS="764" VPOS="1306" WIDTH="13"/>
						<String ID="P5_ST00259" HPOS="777" VPOS="1283" WIDTH="73" HEIGHT="29" CONTENT="body." WC="1.00" CC="00000"/>
					</TextLine>
					<TextLine ID="P5_TL00051" HPOS="740" VPOS="1330" WIDTH="507" HEIGHT="29">
						<String ID="P5_ST00260" HPOS="740" VPOS="1330" WIDTH="53" HEIGHT="23" CONTENT="The" WC="1.00" CC="010"/>
						<SP ID="P5_SP00210" HPOS="793" VPOS="1353" WIDTH="30"/>
						<String ID="P5_ST00261" HPOS="823" VPOS="1334" WIDTH="128" HEIGHT="19" CONTENT="statement" WC="1.00" CC="100010000"/>
						<SP ID="P5_SP00211" HPOS="951" VPOS="1353" WIDTH="34"/>
						<String ID="P5_ST00262" HPOS="985" VPOS="1330" WIDTH="113" HEIGHT="29" CONTENT="provides" WC="1.00" CC="00100001"/>
						<SP ID="P5_SP00212" HPOS="1098" VPOS="1359" WIDTH="32"/>
						<String ID="P5_ST00263" HPOS="1130" VPOS="1330" WIDTH="39" HEIGHT="22" CONTENT="for" WC="1.00" CC="000"/>
						<SP ID="P5_SP00213" HPOS="1169" VPOS="1359" WIDTH="31"/>
						<String ID="P5_ST00264" HPOS="1200" VPOS="1335" WIDTH="47" HEIGHT="17" CONTENT="one" WC="1.00" CC="000"/>
					</TextLine>
					<TextLine ID="P5_TL00052" HPOS="707" VPOS="1368" WIDTH="538" HEIGHT="29">
						<String ID="P5_ST00265" HPOS="707" VPOS="1369" WIDTH="93" HEIGHT="28" CONTENT="faculty" WC="1.00" CC="0110000"/>
						<SP ID="P5_SP00214" HPOS="800" VPOS="1397" WIDTH="22"/>
						<String ID="P5_ST00266" HPOS="822" VPOS="1368" WIDTH="110" HEIGHT="23" CONTENT="member" WC="1.00" CC="010000"/>
						<SP ID="P5_SP00215" HPOS="932" VPOS="1397" WIDTH="20"/>
						<String ID="P5_ST00267" HPOS="952" VPOS="1369" WIDTH="66" HEIGHT="22" CONTENT="from" WC="1.00" CC="0000"/>
						<SP ID="P5_SP00216" HPOS="1018" VPOS="1397" WIDTH="22"/>
						<String ID="P5_ST00268" HPOS="1040" VPOS="1369" WIDTH="41" HEIGHT="22" CONTENT="the" WC="1.00" CC="001"/>
						<SP ID="P5_SP00217" HPOS="1081" VPOS="1397" WIDTH="20"/>
						<String ID="P5_ST00269" HPOS="1101" VPOS="1368" WIDTH="144" HEIGHT="29" CONTENT="journalism" WC="1.00" CC="1010010011"/>
					</TextLine>
					<TextLine ID="P5_TL00053" HPOS="705" VPOS="1407" WIDTH="542" HEIGHT="30">
						<String ID="P5_ST00270" HPOS="705" VPOS="1408" WIDTH="157" HEIGHT="29" CONTENT="department" WC="1.00" CC="0000000000"/>
						<SP ID="P5_SP00218" HPOS="862" VPOS="1437" WIDTH="23"/>
						<String ID="P5_ST00271" HPOS="885" VPOS="1408" WIDTH="47" HEIGHT="22" CONTENT="and" WC="1.00" CC="000"/>
						<SP ID="P5_SP00219" HPOS="932" VPOS="1437" WIDTH="23"/>
						<String ID="P5_ST00272" HPOS="955" VPOS="1414" WIDTH="47" HEIGHT="16" CONTENT="one" WC="1.00" CC="000"/>
						<SP ID="P5_SP00220" HPOS="1002" VPOS="1437" WIDTH="24"/>
						<String ID="P5_ST00273" HPOS="1026" VPOS="1408" WIDTH="66" HEIGHT="22" CONTENT="from" WC="1.00" CC="0000"/>
						<SP ID="P5_SP00221" HPOS="1092" VPOS="1437" WIDTH="23"/>
						<String ID="P5_ST00274" HPOS="1115" VPOS="1407" WIDTH="41" HEIGHT="23" CONTENT="the" WC="1.00" CC="001"/>
						<SP ID="P5_SP00222" HPOS="1156" VPOS="1437" WIDTH="22"/>
						<String ID="P5_ST00275" HPOS="1178" VPOS="1413" WIDTH="52" HEIGHT="17" CONTENT="com" SUBS_TYPE="HypPart1" SUBS_CONTENT="communications" WC="1.00" CC="000"/>
						<HYP HPOS="1230" VPOS="1413" WIDTH="17" CONTENT="-"/>
					</TextLine>
					<TextLine ID="P5_TL00054" HPOS="706" VPOS="1445" WIDTH="540" HEIGHT="29">
						<String ID="P5_ST00276" HPOS="706" VPOS="1446" WIDTH="165" HEIGHT="22" CONTENT="munications" SUBS_TYPE="HypPart2" SUBS_CONTENT="communications" WC="1.00" CC="10110000002"/>
						<SP ID="P5_SP00223" HPOS="871" VPOS="1468" WIDTH="17"/>
						<String ID="P5_ST00277" HPOS="888" VPOS="1446" WIDTH="163" HEIGHT="28" CONTENT="department." WC="1.00" CC="00011100000"/>
						<SP ID="P5_SP00224" HPOS="1051" VPOS="1474" WIDTH="20"/>
						<String ID="P5_ST00278" HPOS="1071" VPOS="1446" WIDTH="53" HEIGHT="22" CONTENT="The" WC="1.00" CC="001"/>
						<SP ID="P5_SP00225" HPOS="1124" VPOS="1474" WIDTH="20"/>
						<String ID="P5_ST00279" HPOS="1144" VPOS="1445" WIDTH="64" HEIGHT="23" CONTENT="third" WC="1.00" CC="10000"/>
						<SP ID="P5_SP00226" HPOS="1208" VPOS="1474" WIDTH="19"/>
						<String ID="P5_ST00280" HPOS="1227" VPOS="1446" WIDTH="19" HEIGHT="22" CONTENT="is" WC="0.98" CC="01"/>
					</TextLine>
					<TextLine ID="P5_TL00055" HPOS="705" VPOS="1484" WIDTH="541" HEIGHT="29">
						<String ID="P5_ST00281" HPOS="705" VPOS="1490" WIDTH="26" HEIGHT="17" CONTENT="to" WC="0.98" CC="01"/>
						<SP ID="P5_SP00227" HPOS="731" VPOS="1507" WIDTH="21"/>
						<String ID="P5_ST00282" HPOS="752" VPOS="1485" WIDTH="28" HEIGHT="22" CONTENT="be" WC="0.94" CC="10"/>
						<SP ID="P5_SP00228" HPOS="780" VPOS="1507" WIDTH="21"/>
						<String ID="P5_ST00283" HPOS="801" VPOS="1484" WIDTH="90" HEIGHT="23" CONTENT="chosen" WC="1.00" CC="000100"/>
						<SP ID="P5_SP00229" HPOS="891" VPOS="1507" WIDTH="22"/>
						<String ID="P5_ST00284" HPOS="913" VPOS="1485" WIDTH="32" HEIGHT="28" CONTENT="by" WC="1.00" CC="00"/>
						<SP ID="P5_SP00230" HPOS="945" VPOS="1513" WIDTH="19"/>
						<String ID="P5_ST00285" HPOS="964" VPOS="1489" WIDTH="58" HEIGHT="19" CONTENT="vote" WC="1.00" CC="0200"/>
						<SP ID="P5_SP00231" HPOS="1022" VPOS="1513" WIDTH="20"/>
						<String ID="P5_ST00286" HPOS="1042" VPOS="1484" WIDTH="28" HEIGHT="23" CONTENT="of" WC="1.00" CC="00"/>
						<SP ID="P5_SP00232" HPOS="1070" VPOS="1513" WIDTH="19"/>
						<String ID="P5_ST00287" HPOS="1089" VPOS="1484" WIDTH="42" HEIGHT="23" CONTENT="the" WC="1.00" CC="000"/>
						<SP ID="P5_SP00233" HPOS="1131" VPOS="1513" WIDTH="21"/>
						<String ID="P5_ST00288" HPOS="1152" VPOS="1484" WIDTH="94" HEIGHT="28" CONTENT="faculty" WC="1.00" CC="0000000"/>
					</TextLine>
					<TextLine ID="P5_TL00056" HPOS="706" VPOS="1524" WIDTH="96" HEIGHT="22">
						<String ID="P5_ST00289" HPOS="706" VPOS="1524" WIDTH="96" HEIGHT="22" CONTENT="Senate." WC="1.00" CC="1100000"/>
					</TextLine>
					<TextLine ID="P5_TL00057" HPOS="740" VPOS="1566" WIDTH="505" HEIGHT="25">
						<String ID="P5_ST00290" HPOS="740" VPOS="1568" WIDTH="39" HEIGHT="22" CONTENT="All" WC="1.00" CC="000"/>
						<SP ID="P5_SP00234" HPOS="779" VPOS="1590" WIDTH="32"/>
						<String ID="P5_ST00291" HPOS="811" VPOS="1568" WIDTH="67" HEIGHT="23" CONTENT="three" WC="1.00" CC="00001"/>
						<SP ID="P5_SP00235" HPOS="878" VPOS="1591" WIDTH="30"/>
						<String ID="P5_ST00292" HPOS="908" VPOS="1568" WIDTH="197" HEIGHT="23" CONTENT="administrators" WC="1.00" CC="00000001001001"/>
						<SP ID="P5_SP00236" HPOS="1105" VPOS="1591" WIDTH="31"/>
						<String ID="P5_ST00293" HPOS="1136" VPOS="1567" WIDTH="47" HEIGHT="23" CONTENT="will" WC="1.00" CC="0001"/>
						<SP ID="P5_SP00237" HPOS="1183" VPOS="1591" WIDTH="33"/>
						<String ID="P5_ST00294" HPOS="1216" VPOS="1566" WIDTH="29" HEIGHT="24" CONTENT="be" WC="1.00" CC="00"/>
					</TextLine>
					<TextLine ID="P5_TL00058" HPOS="704" VPOS="1606" WIDTH="505" HEIGHT="29">
						<String ID="P5_ST00295" HPOS="704" VPOS="1607" WIDTH="91" HEIGHT="22" CONTENT="chosen" WC="1.00" CC="000311"/>
						<SP ID="P5_SP00238" HPOS="795" VPOS="1629" WIDTH="20"/>
						<String ID="P5_ST00296" HPOS="815" VPOS="1607" WIDTH="32" HEIGHT="28" CONTENT="by" WC="0.92" CC="11"/>
						<SP ID="P5_SP00239" HPOS="847" VPOS="1635" WIDTH="18"/>
						<String ID="P5_ST00297" HPOS="865" VPOS="1607" WIDTH="39" HEIGHT="22" CONTENT="the" WC="1.00" CC="000"/>
						<SP ID="P5_SP00240" HPOS="904" VPOS="1635" WIDTH="20"/>
						<String ID="P5_ST00298" HPOS="924" VPOS="1606" WIDTH="133" HEIGHT="28" CONTENT="university" WC="1.00" CC="0000001000"/>
						<SP ID="P5_SP00241" HPOS="1057" VPOS="1635" WIDTH="20"/>
						<String ID="P5_ST00299" HPOS="1077" VPOS="1606" WIDTH="132" HEIGHT="29" CONTENT="president." WC="1.00" CC="0011100000"/>
					</TextLine>
					<TextLine ID="P5_TL00059" HPOS="738" VPOS="1650" WIDTH="507" HEIGHT="28">
						<String ID="P5_ST00300" HPOS="738" VPOS="1651" WIDTH="149" HEIGHT="24" CONTENT="Committee" WC="1.00" CC="010210000"/>
						<SP ID="P5_SP00242" HPOS="887" VPOS="1675" WIDTH="24"/>
						<String ID="P5_ST00301" HPOS="911" VPOS="1651" WIDTH="122" HEIGHT="23" CONTENT="members" WC="1.00" CC="0100000"/>
						<SP ID="P5_SP00243" HPOS="1033" VPOS="1675" WIDTH="22"/>
						<String ID="P5_ST00302" HPOS="1055" VPOS="1651" WIDTH="51" HEIGHT="22" CONTENT="said" WC="1.00" CC="0000"/>
						<SP ID="P5_SP00244" HPOS="1106" VPOS="1675" WIDTH="24"/>
						<String ID="P5_ST00303" HPOS="1130" VPOS="1650" WIDTH="41" HEIGHT="23" CONTENT="the" WC="1.00" CC="000"/>
						<SP ID="P5_SP00245" HPOS="1171" VPOS="1675" WIDTH="23"/>
						<String ID="P5_ST00304" HPOS="1194" VPOS="1650" WIDTH="39" HEIGHT="28" CONTENT="pol" SUBS_TYPE="HypPart1" SUBS_CONTENT="policy" WC="1.00" CC="000"/>
						<HYP HPOS="1233" VPOS="1650" WIDTH="12" CONTENT="-"/>
					</TextLine>
				</TextBlock>
				<TextBlock ID="P5_TB00006" HPOS="1289" VPOS="565" WIDTH="547" HEIGHT="1111" STYLEREFS="TXT_4 PAR_LEFT">
					<TextLine ID="P5_TL00060" HPOS="1296" VPOS="565" WIDTH="540" HEIGHT="31">
						<String ID="P5_ST00305" HPOS="1296" VPOS="567" WIDTH="38" HEIGHT="29" CONTENT="icy" SUBS_TYPE="HypPart2" SUBS_CONTENT="policy" WC="1.00" CC="101"/>
						<SP ID="P5_SP00246" HPOS="1334" VPOS="596" WIDTH="32"/>
						<String ID="P5_ST00306" HPOS="1366" VPOS="568" WIDTH="131" HEIGHT="20" CONTENT="statement" WC="1.00" CC="100000000"/>
						<SP ID="P5_SP00247" HPOS="1497" VPOS="596" WIDTH="32"/>
						<String ID="P5_ST00307" HPOS="1529" VPOS="568" WIDTH="107" HEIGHT="25" CONTENT="protects" WC="1.00" CC="00000001"/>
						<SP ID="P5_SP00248" HPOS="1636" VPOS="596" WIDTH="33"/>
						<String ID="P5_ST00308" HPOS="1669" VPOS="565" WIDTH="39" HEIGHT="22" CONTENT="the" WC="1.00" CC="000"/>
						<SP ID="P5_SP00249" HPOS="1708" VPOS="596" WIDTH="33"/>
						<String ID="P5_ST00309" HPOS="1741" VPOS="565" WIDTH="95" HEIGHT="23" CONTENT="student" WC="1.00" CC="0000000"/>
					</TextLine>
					<TextLine ID="P5_TL00061" HPOS="1295" VPOS="602" WIDTH="541" HEIGHT="33">
						<String ID="P5_ST00310" HPOS="1295" VPOS="612" WIDTH="68" HEIGHT="23" CONTENT="press" WC="1.00" CC="00011"/>
						<SP ID="P5_SP00250" HPOS="1363" VPOS="635" WIDTH="25"/>
						<String ID="P5_ST00311" HPOS="1388" VPOS="604" WIDTH="66" HEIGHT="23" CONTENT="from" WC="1.00" CC="0001"/>
						<SP ID="P5_SP00251" HPOS="1454" VPOS="635" WIDTH="24"/>
						<String ID="P5_ST00312" HPOS="1478" VPOS="603" WIDTH="68" HEIGHT="29" CONTENT="prior" WC="1.00" CC="00100"/>
						<SP ID="P5_SP00252" HPOS="1546" VPOS="635" WIDTH="22"/>
						<String ID="P5_ST00313" HPOS="1568" VPOS="602" WIDTH="144" HEIGHT="30" CONTENT="censorship" WC="1.00" CC="0001001000"/>
						<SP ID="P5_SP00253" HPOS="1712" VPOS="635" WIDTH="24"/>
						<String ID="P5_ST00314" HPOS="1736" VPOS="603" WIDTH="27" HEIGHT="23" CONTENT="of" WC="1.00" CC="00"/>
						<SP ID="P5_SP00254" HPOS="1763" VPOS="635" WIDTH="23"/>
						<String ID="P5_ST00315" HPOS="1786" VPOS="610" WIDTH="34" HEIGHT="17" CONTENT="ma" SUBS_TYPE="HypPart1" SUBS_CONTENT="material." WC="1.00" CC="10"/>
						<HYP HPOS="1820" VPOS="610" WIDTH="16" CONTENT="-"/>
					</TextLine>
					<TextLine ID="P5_TL00062" HPOS="1296" VPOS="643" WIDTH="77" HEIGHT="24">
						<String ID="P5_ST00316" HPOS="1296" VPOS="643" WIDTH="77" HEIGHT="24" CONTENT="terial." SUBS_TYPE="HypPart2" SUBS_CONTENT="material." WC="1.00" CC="0011000"/>
					</TextLine>
					<TextLine ID="P5_TL00063" HPOS="1330" VPOS="686" WIDTH="506" HEIGHT="30">
						<String ID="P5_ST00317" HPOS="1330" VPOS="687" WIDTH="97" HEIGHT="24" CONTENT="Debate" WC="1.00" CC="000101"/>
						<SP ID="P5_SP00255" HPOS="1427" VPOS="711" WIDTH="24"/>
						<String ID="P5_ST00318" HPOS="1451" VPOS="694" WIDTH="32" HEIGHT="16" CONTENT="on" WC="1.00" CC="00"/>
						<SP ID="P5_SP00256" HPOS="1483" VPOS="711" WIDTH="25"/>
						<String ID="P5_ST00319" HPOS="1508" VPOS="686" WIDTH="41" HEIGHT="23" CONTENT="the" WC="1.00" CC="001"/>
						<SP ID="P5_SP00257" HPOS="1549" VPOS="711" WIDTH="24"/>
						<String ID="P5_ST00320" HPOS="1573" VPOS="686" WIDTH="97" HEIGHT="23" CONTENT="student" WC="1.00" CC="0000100"/>
						<SP ID="P5_SP00258" HPOS="1670" VPOS="711" WIDTH="25"/>
						<String ID="P5_ST00321" HPOS="1695" VPOS="693" WIDTH="67" HEIGHT="23" CONTENT="press" WC="1.00" CC="01011"/>
						<SP ID="P5_SP00259" HPOS="1762" VPOS="716" WIDTH="23"/>
						<String ID="P5_ST00322" HPOS="1785" VPOS="694" WIDTH="39" HEIGHT="17" CONTENT="sec" SUBS_TYPE="HypPart1" SUBS_CONTENT="section" WC="1.00" CC="100"/>
						<HYP HPOS="1824" VPOS="694" WIDTH="12" CONTENT="-"/>
					</TextLine>
					<TextLine ID="P5_TL00064" HPOS="1294" VPOS="725" WIDTH="542" HEIGHT="30">
						<String ID="P5_ST00323" HPOS="1294" VPOS="728" WIDTH="53" HEIGHT="23" CONTENT="tion" SUBS_TYPE="HypPart2" SUBS_CONTENT="section" WC="1.00" CC="0000"/>
						<SP ID="P5_SP00260" HPOS="1347" VPOS="751" WIDTH="21"/>
						<String ID="P5_ST00324" HPOS="1368" VPOS="734" WIDTH="43" HEIGHT="15" CONTENT="ran" WC="1.00" CC="100"/>
						<SP ID="P5_SP00261" HPOS="1411" VPOS="751" WIDTH="22"/>
						<String ID="P5_ST00325" HPOS="1433" VPOS="733" WIDTH="32" HEIGHT="16" CONTENT="on" WC="1.00" CC="00"/>
						<SP ID="P5_SP00262" HPOS="1465" VPOS="751" WIDTH="22"/>
						<String ID="P5_ST00326" HPOS="1487" VPOS="725" WIDTH="40" HEIGHT="23" CONTENT="for" WC="1.00" CC="000"/>
						<SP ID="P5_SP00263" HPOS="1527" VPOS="751" WIDTH="21"/>
						<String ID="P5_ST00327" HPOS="1548" VPOS="729" WIDTH="49" HEIGHT="19" CONTENT="two" WC="1.00" CC="110"/>
						<SP ID="P5_SP00264" HPOS="1597" VPOS="751" WIDTH="21"/>
						<String ID="P5_ST00328" HPOS="1618" VPOS="725" WIDTH="123" HEIGHT="30" CONTENT="complete" WC="1.00" CC="10000000"/>
						<SP ID="P5_SP00265" HPOS="1741" VPOS="755" WIDTH="21"/>
						<String ID="P5_ST00329" HPOS="1762" VPOS="730" WIDTH="60" HEIGHT="20" CONTENT="meet" SUBS_TYPE="HypPart1" SUBS_CONTENT="meetings." WC="1.00" CC="0010"/>
						<HYP HPOS="1822" VPOS="730" WIDTH="14" CONTENT="-"/>
					</TextLine>
					<TextLine ID="P5_TL00065" HPOS="1295" VPOS="764" WIDTH="540" HEIGHT="31">
						<String ID="P5_ST00330" HPOS="1295" VPOS="767" WIDTH="60" HEIGHT="28" CONTENT="ings." SUBS_TYPE="HypPart2" SUBS_CONTENT="meetings." WC="1.00" CC="10000"/>
						<SP ID="P5_SP00266" HPOS="1355" VPOS="795" WIDTH="26"/>
						<String ID="P5_ST00331" HPOS="1381" VPOS="765" WIDTH="20" HEIGHT="23" CONTENT="It" WC="1.00" CC="00"/>
						<SP ID="P5_SP00267" HPOS="1401" VPOS="795" WIDTH="25"/>
						<String ID="P5_ST00332" HPOS="1426" VPOS="772" WIDTH="50" HEIGHT="16" CONTENT="was" WC="1.00" CC="001"/>
						<SP ID="P5_SP00268" HPOS="1476" VPOS="795" WIDTH="25"/>
						<String ID="P5_ST00333" HPOS="1501" VPOS="764" WIDTH="151" HEIGHT="29" CONTENT="interrupted" WC="1.00" CC="01001100000"/>
						<SP ID="P5_SP00269" HPOS="1652" VPOS="795" WIDTH="25"/>
						<String ID="P5_ST00334" HPOS="1677" VPOS="772" WIDTH="62" HEIGHT="15" CONTENT="once" WC="1.00" CC="1010"/>
						<SP ID="P5_SP00270" HPOS="1739" VPOS="795" WIDTH="24"/>
						<String ID="P5_ST00335" HPOS="1763" VPOS="765" WIDTH="72" HEIGHT="24" CONTENT="when" WC="1.00" CC="0000"/>
					</TextLine>
					<TextLine ID="P5_TL00066" HPOS="1294" VPOS="802" WIDTH="541" HEIGHT="30">
						<String ID="P5_ST00336" HPOS="1294" VPOS="806" WIDTH="41" HEIGHT="22" CONTENT="the" WC="1.00" CC="000"/>
						<SP ID="P5_SP00271" HPOS="1335" VPOS="828" WIDTH="17"/>
						<String ID="P5_ST00337" HPOS="1352" VPOS="804" WIDTH="58" HEIGHT="23" CONTENT="Rev." WC="1.00" CC="1100"/>
						<SP ID="P5_SP00272" HPOS="1410" VPOS="828" WIDTH="18"/>
						<String ID="P5_ST00338" HPOS="1428" VPOS="803" WIDTH="65" HEIGHT="23" CONTENT="John" WC="1.00" CC="1000"/>
						<SP ID="P5_SP00273" HPOS="1493" VPOS="828" WIDTH="17"/>
						<String ID="P5_ST00339" HPOS="1510" VPOS="802" WIDTH="121" HEIGHT="30" CONTENT="Mullahy," WC="0.98" CC="00000111"/>
						<SP ID="P5_SP00274" HPOS="1631" VPOS="832" WIDTH="16"/>
						<String ID="P5_ST00340" HPOS="1647" VPOS="803" WIDTH="55" HEIGHT="25" CONTENT="S.J.," WC="1.00" CC="00000"/>
						<SP ID="P5_SP00275" HPOS="1702" VPOS="832" WIDTH="18"/>
						<String ID="P5_ST00341" HPOS="1720" VPOS="804" WIDTH="101" HEIGHT="23" CONTENT="adminis" SUBS_TYPE="HypPart1" SUBS_CONTENT="administration" WC="1.00" CC="1010001"/>
						<HYP HPOS="1821" VPOS="804" WIDTH="14" CONTENT="-"/>
					</TextLine>
					<TextLine ID="P5_TL00067" HPOS="1294" VPOS="841" WIDTH="541" HEIGHT="30">
						<String ID="P5_ST00342" HPOS="1294" VPOS="843" WIDTH="89" HEIGHT="24" CONTENT="tration" SUBS_TYPE="HypPart2" SUBS_CONTENT="administration" WC="1.00" CC="1100000"/>
						<SP ID="P5_SP00276" HPOS="1383" VPOS="867" WIDTH="25"/>
						<String ID="P5_ST00343" HPOS="1408" VPOS="841" WIDTH="200" HEIGHT="30" CONTENT="representative," WC="1.00" CC="000001101000001"/>
						<SP ID="P5_SP00277" HPOS="1608" VPOS="871" WIDTH="23"/>
						<String ID="P5_ST00344" HPOS="1631" VPOS="842" WIDTH="77" HEIGHT="24" CONTENT="called" WC="1.00" CC="101100"/>
						<SP ID="P5_SP00278" HPOS="1708" VPOS="871" WIDTH="25"/>
						<String ID="P5_ST00345" HPOS="1733" VPOS="843" WIDTH="39" HEIGHT="23" CONTENT="for" WC="1.00" CC="001"/>
						<SP ID="P5_SP00279" HPOS="1772" VPOS="871" WIDTH="23"/>
						<String ID="P5_ST00346" HPOS="1795" VPOS="843" WIDTH="40" HEIGHT="24" CONTENT="the" WC="1.00" CC="100"/>
					</TextLine>
					<TextLine ID="P5_TL00068" HPOS="1294" VPOS="880" WIDTH="540" HEIGHT="30">
						<String ID="P5_ST00347" HPOS="1294" VPOS="882" WIDTH="109" HEIGHT="23" CONTENT="removal" WC="1.00" CC="0010000"/>
						<SP ID="P5_SP00280" HPOS="1403" VPOS="905" WIDTH="18"/>
						<String ID="P5_ST00348" HPOS="1421" VPOS="880" WIDTH="28" HEIGHT="24" CONTENT="of" WC="1.00" CC="00"/>
						<SP ID="P5_SP00281" HPOS="1449" VPOS="905" WIDTH="17"/>
						<String ID="P5_ST00349" HPOS="1466" VPOS="880" WIDTH="104" HEIGHT="24" CONTENT="Student" WC="1.00" CC="1000000"/>
						<SP ID="P5_SP00282" HPOS="1570" VPOS="905" WIDTH="17"/>
						<String ID="P5_ST00350" HPOS="1587" VPOS="880" WIDTH="105" HEIGHT="24" CONTENT="Council" WC="1.00" CC="0100000"/>
						<SP ID="P5_SP00283" HPOS="1692" VPOS="905" WIDTH="20"/>
						<String ID="P5_ST00351" HPOS="1712" VPOS="881" WIDTH="122" HEIGHT="29" CONTENT="president" WC="1.00" CC="000100100"/>
					</TextLine>
					<TextLine ID="P5_TL00069" HPOS="1293" VPOS="919" WIDTH="542" HEIGHT="29">
						<String ID="P5_ST00352" HPOS="1293" VPOS="922" WIDTH="64" HEIGHT="22" CONTENT="Tom" WC="1.00" CC="001"/>
						<SP ID="P5_SP00284" HPOS="1357" VPOS="944" WIDTH="14"/>
						<String ID="P5_ST00353" HPOS="1371" VPOS="919" WIDTH="96" HEIGHT="29" CONTENT="Wright" WC="1.00" CC="100000"/>
						<SP ID="P5_SP00285" HPOS="1467" VPOS="948" WIDTH="16"/>
						<String ID="P5_ST00354" HPOS="1483" VPOS="919" WIDTH="65" HEIGHT="23" CONTENT="from" WC="1.00" CC="0101"/>
						<SP ID="P5_SP00286" HPOS="1548" VPOS="948" WIDTH="16"/>
						<String ID="P5_ST00355" HPOS="1564" VPOS="919" WIDTH="40" HEIGHT="23" CONTENT="the" WC="1.00" CC="000"/>
						<SP ID="P5_SP00287" HPOS="1604" VPOS="948" WIDTH="14"/>
						<String ID="P5_ST00356" HPOS="1618" VPOS="920" WIDTH="149" HEIGHT="23" CONTENT="committee." WC="1.00" CC="0010110000"/>
						<SP ID="P5_SP00288" HPOS="1767" VPOS="948" WIDTH="15"/>
						<String ID="P5_ST00357" HPOS="1782" VPOS="920" WIDTH="53" HEIGHT="23" CONTENT="The" WC="1.00" CC="010"/>
					</TextLine>
					<TextLine ID="P5_TL00070" HPOS="1295" VPOS="957" WIDTH="311" HEIGHT="26">
						<String ID="P5_ST00358" HPOS="1295" VPOS="965" WIDTH="79" HEIGHT="18" CONTENT="move," WC="1.00" CC="00000"/>
						<SP ID="P5_SP00289" HPOS="1374" VPOS="983" WIDTH="14"/>
						<String ID="P5_ST00359" HPOS="1388" VPOS="958" WIDTH="122" HEIGHT="25" CONTENT="however," WC="1.00" CC="00000101"/>
						<SP ID="P5_SP00290" HPOS="1510" VPOS="983" WIDTH="14"/>
						<String ID="P5_ST00360" HPOS="1524" VPOS="957" WIDTH="82" HEIGHT="24" CONTENT="failed." WC="1.00" CC="0001000"/>
					</TextLine>
					<TextLine ID="P5_TL00071" HPOS="1328" VPOS="1009" WIDTH="505" HEIGHT="29">
						<String ID="P5_ST00361" HPOS="1328" VPOS="1010" WIDTH="89" HEIGHT="22" CONTENT="Father" WC="1.00" CC="001000"/>
						<SP ID="P5_SP00291" HPOS="1417" VPOS="1032" WIDTH="38"/>
						<String ID="P5_ST00362" HPOS="1455" VPOS="1009" WIDTH="114" HEIGHT="29" CONTENT="Mullahy" WC="0.99" CC="1000000"/>
						<SP ID="P5_SP00292" HPOS="1569" VPOS="1038" WIDTH="36"/>
						<String ID="P5_ST00363" HPOS="1605" VPOS="1010" WIDTH="139" HEIGHT="23" CONTENT="contended" WC="1.00" CC="110100000"/>
						<SP ID="P5_SP00293" HPOS="1744" VPOS="1038" WIDTH="38"/>
						<String ID="P5_ST00364" HPOS="1782" VPOS="1010" WIDTH="51" HEIGHT="24" CONTENT="that" WC="1.00" CC="0010"/>
					</TextLine>
					<TextLine ID="P5_TL00072" HPOS="1292" VPOS="1048" WIDTH="541" HEIGHT="30">
						<String ID="P5_ST00365" HPOS="1292" VPOS="1049" WIDTH="94" HEIGHT="29" CONTENT="Wright" WC="1.00" CC="011001"/>
						<SP ID="P5_SP00294" HPOS="1386" VPOS="1078" WIDTH="32"/>
						<String ID="P5_ST00366" HPOS="1418" VPOS="1049" WIDTH="89" HEIGHT="22" CONTENT="denied" WC="1.00" CC="000100"/>
						<SP ID="P5_SP00295" HPOS="1507" VPOS="1078" WIDTH="31"/>
						<String ID="P5_ST00367" HPOS="1538" VPOS="1048" WIDTH="100" HEIGHT="23" CONTENT="himself" WC="1.00" CC="0001000"/>
						<SP ID="P5_SP00296" HPOS="1638" VPOS="1078" WIDTH="30"/>
						<String ID="P5_ST00368" HPOS="1668" VPOS="1049" WIDTH="39" HEIGHT="22" CONTENT="the" WC="1.00" CC="000"/>
						<SP ID="P5_SP00297" HPOS="1707" VPOS="1078" WIDTH="32"/>
						<String ID="P5_ST00369" HPOS="1739" VPOS="1054" WIDTH="94" HEIGHT="24" CONTENT="respect" WC="1.00" CC="0100110"/>
					</TextLine>
					<TextLine ID="P5_TL00073" HPOS="1293" VPOS="1087" WIDTH="540" HEIGHT="24">
						<String ID="P5_ST00370" HPOS="1293" VPOS="1087" WIDTH="94" HEIGHT="24" CONTENT="needed" WC="1.00" CC="100000"/>
						<SP ID="P5_SP00298" HPOS="1387" VPOS="1111" WIDTH="17"/>
						<String ID="P5_ST00371" HPOS="1404" VPOS="1091" WIDTH="25" HEIGHT="19" CONTENT="to" WC="1.00" CC="00"/>
						<SP ID="P5_SP00299" HPOS="1429" VPOS="1111" WIDTH="15"/>
						<String ID="P5_ST00372" HPOS="1444" VPOS="1093" WIDTH="70" HEIGHT="17" CONTENT="serve" WC="1.00" CC="00001"/>
						<SP ID="P5_SP00300" HPOS="1514" VPOS="1111" WIDTH="15"/>
						<String ID="P5_ST00373" HPOS="1529" VPOS="1093" WIDTH="32" HEIGHT="17" CONTENT="on" WC="1.00" CC="00"/>
						<SP ID="P5_SP00301" HPOS="1561" VPOS="1111" WIDTH="16"/>
						<String ID="P5_ST00374" HPOS="1577" VPOS="1087" WIDTH="41" HEIGHT="23" CONTENT="the" WC="1.00" CC="000"/>
						<SP ID="P5_SP00302" HPOS="1618" VPOS="1111" WIDTH="16"/>
						<String ID="P5_ST00375" HPOS="1634" VPOS="1087" WIDTH="142" HEIGHT="24" CONTENT="committee" WC="1.00" CC="101100000"/>
						<SP ID="P5_SP00303" HPOS="1776" VPOS="1111" WIDTH="17"/>
						<String ID="P5_ST00376" HPOS="1793" VPOS="1088" WIDTH="27" HEIGHT="23" CONTENT="be" SUBS_TYPE="HypPart1" SUBS_CONTENT="because" WC="1.00" CC="00"/>
						<HYP HPOS="1820" VPOS="1088" WIDTH="13" CONTENT="-"/>
					</TextLine>
					<TextLine ID="P5_TL00074" HPOS="1291" VPOS="1126" WIDTH="541" HEIGHT="30">
						<String ID="P5_ST00377" HPOS="1291" VPOS="1133" WIDTH="75" HEIGHT="17" CONTENT="cause" SUBS_TYPE="HypPart2" SUBS_CONTENT="because" WC="1.00" CC="00100"/>
						<SP ID="P5_SP00304" HPOS="1366" VPOS="1150" WIDTH="25"/>
						<String ID="P5_ST00378" HPOS="1391" VPOS="1126" WIDTH="28" HEIGHT="22" CONTENT="of" WC="0.96" CC="01"/>
						<SP ID="P5_SP00305" HPOS="1419" VPOS="1150" WIDTH="24"/>
						<String ID="P5_ST00379" HPOS="1443" VPOS="1133" WIDTH="13" HEIGHT="15" CONTENT="a" WC="0.96" CC="1"/>
						<SP ID="P5_SP00306" HPOS="1456" VPOS="1150" WIDTH="26"/>
						<String ID="P5_ST00380" HPOS="1482" VPOS="1130" WIDTH="76" HEIGHT="24" CONTENT="quote" WC="1.00" CC="00000"/>
						<SP ID="P5_SP00307" HPOS="1558" VPOS="1154" WIDTH="25"/>
						<String ID="P5_ST00381" HPOS="1583" VPOS="1126" WIDTH="134" HEIGHT="30" CONTENT="appearing" WC="1.00" CC="000100000"/>
						<SP ID="P5_SP00308" HPOS="1717" VPOS="1156" WIDTH="24"/>
						<String ID="P5_ST00382" HPOS="1741" VPOS="1127" WIDTH="25" HEIGHT="23" CONTENT="in" WC="0.98" CC="01"/>
						<SP ID="P5_SP00309" HPOS="1766" VPOS="1156" WIDTH="26"/>
						<String ID="P5_ST00383" HPOS="1792" VPOS="1126" WIDTH="40" HEIGHT="24" CONTENT="the" WC="1.00" CC="100"/>
					</TextLine>
					<TextLine ID="P5_TL00075" HPOS="1291" VPOS="1165" WIDTH="540" HEIGHT="30">
						<String ID="P5_ST00384" HPOS="1291" VPOS="1165" WIDTH="157" HEIGHT="29" CONTENT="supplement" WC="1.00" CC="0000001000"/>
						<SP ID="P5_SP00310" HPOS="1448" VPOS="1194" WIDTH="22"/>
						<String ID="P5_ST00385" HPOS="1470" VPOS="1165" WIDTH="23" HEIGHT="22" CONTENT="in" WC="1.00" CC="00"/>
						<SP ID="P5_SP00311" HPOS="1493" VPOS="1194" WIDTH="24"/>
						<String ID="P5_ST00386" HPOS="1517" VPOS="1165" WIDTH="41" HEIGHT="23" CONTENT="the" WC="1.00" CC="000"/>
						<SP ID="P5_SP00312" HPOS="1558" VPOS="1194" WIDTH="22"/>
						<String ID="P5_ST00387" HPOS="1580" VPOS="1165" WIDTH="108" HEIGHT="22" CONTENT="Maroon" WC="1.00" CC="211101" STYLEREFS="TXT_5"/>
						<SP ID="P5_SP00313" HPOS="1688" VPOS="1194" WIDTH="24"/>
						<String ID="P5_ST00388" HPOS="1712" VPOS="1166" WIDTH="119" HEIGHT="29" CONTENT="prepared" WC="1.00" CC="00000111"/>
					</TextLine>
					<TextLine ID="P5_TL00076" HPOS="1292" VPOS="1203" WIDTH="538" HEIGHT="30">
						<String ID="P5_ST00389" HPOS="1292" VPOS="1205" WIDTH="30" HEIGHT="28" CONTENT="by" WC="1.00" CC="00"/>
						<SP ID="P5_SP00314" HPOS="1322" VPOS="1233" WIDTH="21"/>
						<String ID="P5_ST00390" HPOS="1343" VPOS="1208" WIDTH="50" HEIGHT="19" CONTENT="two" WC="1.00" CC="011"/>
						<SP ID="P5_SP00315" HPOS="1393" VPOS="1233" WIDTH="23"/>
						<String ID="P5_ST00391" HPOS="1416" VPOS="1203" WIDTH="88" HEIGHT="29" CONTENT="Baylor" WC="1.00" CC="000000"/>
						<SP ID="P5_SP00316" HPOS="1504" VPOS="1233" WIDTH="21"/>
						<String ID="P5_ST00392" HPOS="1525" VPOS="1203" WIDTH="110" HEIGHT="24" CONTENT="students" WC="1.00" CC="00000000"/>
						<SP ID="P5_SP00317" HPOS="1635" VPOS="1233" WIDTH="20"/>
						<String ID="P5_ST00393" HPOS="1655" VPOS="1211" WIDTH="32" HEIGHT="16" CONTENT="on" WC="0.98" CC="10"/>
						<SP ID="P5_SP00318" HPOS="1687" VPOS="1233" WIDTH="24"/>
						<String ID="P5_ST00394" HPOS="1711" VPOS="1204" WIDTH="57" HEIGHT="23" CONTENT="Feb." WC="1.00" CC="0010"/>
						<SP ID="P5_SP00319" HPOS="1768" VPOS="1233" WIDTH="23"/>
						<String ID="P5_ST00395" HPOS="1791" VPOS="1204" WIDTH="39" HEIGHT="24" CONTENT="23." WC="0.97" CC="010"/>
					</TextLine>
					<TextLine ID="P5_TL00077" HPOS="1292" VPOS="1242" WIDTH="539" HEIGHT="30">
						<String ID="P5_ST00396" HPOS="1292" VPOS="1242" WIDTH="95" HEIGHT="29" CONTENT="Wright" WC="1.00" CC="000000"/>
						<SP ID="P5_SP00320" HPOS="1387" VPOS="1271" WIDTH="15"/>
						<String ID="P5_ST00397" HPOS="1402" VPOS="1249" WIDTH="48" HEIGHT="15" CONTENT="was" WC="1.00" CC="101"/>
						<SP ID="P5_SP00321" HPOS="1450" VPOS="1271" WIDTH="15"/>
						<String ID="P5_ST00398" HPOS="1465" VPOS="1242" WIDTH="93" HEIGHT="29" CONTENT="quoted" WC="1.00" CC="000000"/>
						<SP ID="P5_SP00322" HPOS="1558" VPOS="1271" WIDTH="15"/>
						<String ID="P5_ST00399" HPOS="1573" VPOS="1250" WIDTH="26" HEIGHT="15" CONTENT="as" WC="1.00" CC="00"/>
						<SP ID="P5_SP00323" HPOS="1599" VPOS="1271" WIDTH="14"/>
						<String ID="P5_ST00400" HPOS="1613" VPOS="1242" WIDTH="93" HEIGHT="30" CONTENT="saying," WC="1.00" CC="0010001"/>
						<SP ID="P5_SP00324" HPOS="1706" VPOS="1272" WIDTH="16"/>
						<String ID="P5_ST00401" HPOS="1722" VPOS="1243" WIDTH="25" HEIGHT="22" CONTENT='"I' WC="1.00" CC="00"/>
						<SP ID="P5_SP00325" HPOS="1747" VPOS="1272" WIDTH="16"/>
						<String ID="P5_ST00402" HPOS="1763" VPOS="1242" WIDTH="68" HEIGHT="24" CONTENT="think" WC="1.00" CC="00101"/>
					</TextLine>
					<TextLine ID="P5_TL00078" HPOS="1291" VPOS="1281" WIDTH="540" HEIGHT="30">
						<String ID="P5_ST00403" HPOS="1291" VPOS="1288" WIDTH="49" HEIGHT="23" CONTENT="you" WC="1.00" CC="010"/>
						<SP ID="P5_SP00326" HPOS="1340" VPOS="1311" WIDTH="15"/>
						<String ID="P5_ST00404" HPOS="1355" VPOS="1287" WIDTH="47" HEIGHT="16" CONTENT="can" WC="1.00" CC="100"/>
						<SP ID="P5_SP00327" HPOS="1402" VPOS="1311" WIDTH="17"/>
						<String ID="P5_ST00405" HPOS="1419" VPOS="1285" WIDTH="38" HEIGHT="24" CONTENT="get" WC="1.00" CC="000"/>
						<SP ID="P5_SP00328" HPOS="1457" VPOS="1311" WIDTH="17"/>
						<String ID="P5_ST00406" HPOS="1474" VPOS="1288" WIDTH="13" HEIGHT="15" CONTENT="a" WC="0.92" CC="1"/>
						<SP ID="P5_SP00329" HPOS="1487" VPOS="1311" WIDTH="17"/>
						<String ID="P5_ST00407" HPOS="1504" VPOS="1281" WIDTH="75" HEIGHT="23" CONTENT="Jesuit" WC="0.99" CC="009000"/>
						<SP ID="P5_SP00330" HPOS="1579" VPOS="1311" WIDTH="18"/>
						<String ID="P5_ST00408" HPOS="1597" VPOS="1281" WIDTH="130" HEIGHT="29" CONTENT="anywhere" WC="1.00" CC="10000000"/>
						<SP ID="P5_SP00331" HPOS="1727" VPOS="1311" WIDTH="16"/>
						<String ID="P5_ST00409" HPOS="1743" VPOS="1281" WIDTH="57" HEIGHT="23" CONTENT="with" WC="1.00" CC="0001"/>
						<SP ID="P5_SP00332" HPOS="1800" VPOS="1311" WIDTH="18"/>
						<String ID="P5_ST00410" HPOS="1818" VPOS="1290" WIDTH="13" HEIGHT="15" CONTENT="a" WC="1.00" CC="0"/>
					</TextLine>
					<TextLine ID="P5_TL00079" HPOS="1292" VPOS="1319" WIDTH="100" HEIGHT="24">
						<String ID="P5_ST00411" HPOS="1292" VPOS="1319" WIDTH="100" HEIGHT="24" CONTENT='bottle."' WC="1.00" CC="01011000"/>
					</TextLine>
					<TextLine ID="P5_TL00080" HPOS="1326" VPOS="1370" WIDTH="503" HEIGHT="31">
						<String ID="P5_ST00412" HPOS="1326" VPOS="1371" WIDTH="89" HEIGHT="24" CONTENT="Father" WC="1.00" CC="001100"/>
						<SP ID="P5_SP00333" HPOS="1415" VPOS="1395" WIDTH="30"/>
						<String ID="P5_ST00413" HPOS="1445" VPOS="1370" WIDTH="113" HEIGHT="30" CONTENT="Mullahy" WC="0.99" CC="1000000"/>
						<SP ID="P5_SP00334" HPOS="1558" VPOS="1400" WIDTH="28"/>
						<String ID="P5_ST00414" HPOS="1586" VPOS="1371" WIDTH="78" HEIGHT="23" CONTENT="called" WC="1.00" CC="110010"/>
						<SP ID="P5_SP00335" HPOS="1664" VPOS="1400" WIDTH="29"/>
						<String ID="P5_ST00415" HPOS="1693" VPOS="1371" WIDTH="95" HEIGHT="30" CONTENT="Wright" WC="1.00" CC="000000"/>
						<SP ID="P5_SP00336" HPOS="1788" VPOS="1401" WIDTH="29"/>
						<String ID="P5_ST00416" HPOS="1817" VPOS="1380" WIDTH="12" HEIGHT="15" CONTENT="a" WC="1.00" CC="0"/>
					</TextLine>
					<TextLine ID="P5_TL00081" HPOS="1290" VPOS="1409" WIDTH="541" HEIGHT="27">
						<String ID="P5_ST00417" HPOS="1290" VPOS="1410" WIDTH="75" HEIGHT="24" CONTENT='"liar"' WC="1.00" CC="000000"/>
						<SP ID="P5_SP00337" HPOS="1365" VPOS="1434" WIDTH="17"/>
						<String ID="P5_ST00418" HPOS="1382" VPOS="1410" WIDTH="49" HEIGHT="23" CONTENT="and" WC="1.00" CC="000"/>
						<SP ID="P5_SP00338" HPOS="1431" VPOS="1434" WIDTH="19"/>
						<String ID="P5_ST00419" HPOS="1450" VPOS="1410" WIDTH="43" HEIGHT="22" CONTENT="Dr." WC="1.00" CC="000"/>
						<SP ID="P5_SP00339" HPOS="1493" VPOS="1434" WIDTH="19"/>
						<String ID="P5_ST00420" HPOS="1512" VPOS="1409" WIDTH="87" HEIGHT="24" CONTENT="Letitia" WC="0.96" CC="0100001"/>
						<SP ID="P5_SP00340" HPOS="1599" VPOS="1434" WIDTH="19"/>
						<String ID="P5_ST00421" HPOS="1618" VPOS="1410" WIDTH="85" HEIGHT="26" CONTENT="Beard," WC="1.00" CC="001000"/>
						<SP ID="P5_SP00341" HPOS="1703" VPOS="1436" WIDTH="20"/>
						<String ID="P5_ST00422" HPOS="1723" VPOS="1419" WIDTH="13" HEIGHT="15" CONTENT="a" WC="0.92" CC="1"/>
						<SP ID="P5_SP00342" HPOS="1736" VPOS="1436" WIDTH="18"/>
						<String ID="P5_ST00423" HPOS="1754" VPOS="1410" WIDTH="65" HEIGHT="24" CONTENT="facul" SUBS_TYPE="HypPart1" SUBS_CONTENT="faculty" WC="1.00" CC="00000"/>
						<HYP HPOS="1819" VPOS="1410" WIDTH="12" CONTENT="-"/>
					</TextLine>
					<TextLine ID="P5_TL00082" HPOS="1289" VPOS="1448" WIDTH="541" HEIGHT="30">
						<String ID="P5_ST00424" HPOS="1289" VPOS="1454" WIDTH="25" HEIGHT="24" CONTENT="ty" SUBS_TYPE="HypPart2" SUBS_CONTENT="faculty" WC="0.96" CC="01"/>
						<SP ID="P5_SP00343" HPOS="1314" VPOS="1478" WIDTH="21"/>
						<String ID="P5_ST00425" HPOS="1335" VPOS="1448" WIDTH="198" HEIGHT="30" CONTENT="representative," WC="1.00" CC="000001001100000"/>
						<SP ID="P5_SP00344" HPOS="1533" VPOS="1478" WIDTH="21"/>
						<String ID="P5_ST00426" HPOS="1554" VPOS="1448" WIDTH="78" HEIGHT="23" CONTENT="called" WC="1.00" CC="001000"/>
						<SP ID="P5_SP00345" HPOS="1632" VPOS="1478" WIDTH="21"/>
						<String ID="P5_ST00427" HPOS="1653" VPOS="1448" WIDTH="51" HEIGHT="24" CONTENT="him" WC="1.00" CC="011"/>
						<SP ID="P5_SP00346" HPOS="1704" VPOS="1478" WIDTH="21"/>
						<String ID="P5_ST00428" HPOS="1725" VPOS="1457" WIDTH="14" HEIGHT="15" CONTENT="a" WC="1.00" CC="0"/>
						<SP ID="P5_SP00347" HPOS="1739" VPOS="1478" WIDTH="20"/>
						<String ID="P5_ST00429" HPOS="1759" VPOS="1450" WIDTH="60" HEIGHT="23" CONTENT='"trai' SUBS_TYPE="HypPart1" SUBS_CONTENT='"traitor"' WC="1.00" CC="00000"/>
						<HYP HPOS="1819" VPOS="1450" WIDTH="11" CONTENT="-"/>
					</TextLine>
					<TextLine ID="P5_TL00083" HPOS="1289" VPOS="1487" WIDTH="540" HEIGHT="30">
						<String ID="P5_ST00430" HPOS="1289" VPOS="1488" WIDTH="53" HEIGHT="23" CONTENT='tor"' SUBS_TYPE="HypPart2" SUBS_CONTENT='"traitor"' WC="1.00" CC="0100"/>
						<SP ID="P5_SP00348" HPOS="1342" VPOS="1511" WIDTH="18"/>
						<String ID="P5_ST00431" HPOS="1360" VPOS="1491" WIDTH="28" HEIGHT="19" CONTENT="to" WC="0.90" CC="11"/>
						<SP ID="P5_SP00349" HPOS="1388" VPOS="1511" WIDTH="16"/>
						<String ID="P5_ST00432" HPOS="1404" VPOS="1487" WIDTH="40" HEIGHT="22" CONTENT="the" WC="1.00" CC="010"/>
						<SP ID="P5_SP00350" HPOS="1444" VPOS="1511" WIDTH="19"/>
						<String ID="P5_ST00433" HPOS="1463" VPOS="1487" WIDTH="133" HEIGHT="29" CONTENT="university" WC="1.00" CC="0000001000"/>
						<SP ID="P5_SP00351" HPOS="1596" VPOS="1516" WIDTH="18"/>
						<String ID="P5_ST00434" HPOS="1614" VPOS="1487" WIDTH="39" HEIGHT="23" CONTENT="for" WC="1.00" CC="000"/>
						<SP ID="P5_SP00352" HPOS="1653" VPOS="1516" WIDTH="19"/>
						<String ID="P5_ST00435" HPOS="1672" VPOS="1487" WIDTH="100" HEIGHT="30" CONTENT="making" WC="1.00" CC="101010"/>
						<SP ID="P5_SP00353" HPOS="1772" VPOS="1517" WIDTH="18"/>
						<String ID="P5_ST00436" HPOS="1790" VPOS="1488" WIDTH="39" HEIGHT="23" CONTENT="the" WC="1.00" CC="001"/>
					</TextLine>
					<TextLine ID="P5_TL00084" HPOS="1289" VPOS="1529" WIDTH="139" HEIGHT="20">
						<String ID="P5_ST00437" HPOS="1289" VPOS="1529" WIDTH="139" HEIGHT="20" CONTENT="statement." WC="1.00" CC="0101000000"/>
					</TextLine>
					<TextLine ID="P5_TL00085" HPOS="1322" VPOS="1570" WIDTH="507" HEIGHT="30">
						<String ID="P5_ST00438" HPOS="1322" VPOS="1570" WIDTH="97" HEIGHT="30" CONTENT="Wright" WC="1.00" CC="101010"/>
						<SP ID="P5_SP00354" HPOS="1419" VPOS="1600" WIDTH="24"/>
						<String ID="P5_ST00439" HPOS="1443" VPOS="1570" WIDTH="41" HEIGHT="23" CONTENT="did" WC="1.00" CC="000"/>
						<SP ID="P5_SP00355" HPOS="1484" VPOS="1600" WIDTH="25"/>
						<String ID="P5_ST00440" HPOS="1509" VPOS="1574" WIDTH="42" HEIGHT="20" CONTENT="not" WC="1.00" CC="000"/>
						<SP ID="P5_SP00356" HPOS="1551" VPOS="1600" WIDTH="24"/>
						<String ID="P5_ST00441" HPOS="1575" VPOS="1570" WIDTH="64" HEIGHT="29" CONTENT="deny" WC="1.00" CC="0100"/>
						<SP ID="P5_SP00357" HPOS="1639" VPOS="1600" WIDTH="25"/>
						<String ID="P5_ST00442" HPOS="1664" VPOS="1570" WIDTH="89" HEIGHT="30" CONTENT="having" WC="1.00" CC="000000"/>
						<SP ID="P5_SP00358" HPOS="1753" VPOS="1600" WIDTH="24"/>
						<String ID="P5_ST00443" HPOS="1777" VPOS="1571" WIDTH="52" HEIGHT="23" CONTENT="said" WC="1.00" CC="1000"/>
					</TextLine>
					<TextLine ID="P5_TL00086" HPOS="1289" VPOS="1608" WIDTH="540" HEIGHT="30">
						<String ID="P5_ST00444" HPOS="1289" VPOS="1610" WIDTH="40" HEIGHT="23" CONTENT="the" WC="1.00" CC="010"/>
						<SP ID="P5_SP00359" HPOS="1329" VPOS="1633" WIDTH="18"/>
						<String ID="P5_ST00445" HPOS="1347" VPOS="1609" WIDTH="105" HEIGHT="25" CONTENT="remark," WC="1.00" CC="0000010"/>
						<SP ID="P5_SP00360" HPOS="1452" VPOS="1634" WIDTH="20"/>
						<String ID="P5_ST00446" HPOS="1472" VPOS="1609" WIDTH="43" HEIGHT="23" CONTENT="but" WC="1.00" CC="110"/>
						<SP ID="P5_SP00361" HPOS="1515" VPOS="1634" WIDTH="17"/>
						<String ID="P5_ST00447" HPOS="1532" VPOS="1609" WIDTH="31" HEIGHT="24" CONTENT="he" WC="1.00" CC="00"/>
						<SP ID="P5_SP00362" HPOS="1563" VPOS="1634" WIDTH="18"/>
						<String ID="P5_ST00448" HPOS="1581" VPOS="1608" WIDTH="129" HEIGHT="30" CONTENT="explained" WC="1.00" CC="020011001"/>
						<SP ID="P5_SP00363" HPOS="1710" VPOS="1638" WIDTH="20"/>
						<String ID="P5_ST00449" HPOS="1730" VPOS="1608" WIDTH="50" HEIGHT="24" CONTENT="that" WC="1.00" CC="0001"/>
						<SP ID="P5_SP00364" HPOS="1780" VPOS="1638" WIDTH="19"/>
						<String ID="P5_ST00450" HPOS="1799" VPOS="1609" WIDTH="30" HEIGHT="24" CONTENT="he" WC="1.00" CC="00"/>
					</TextLine>
					<TextLine ID="P5_TL00087" HPOS="1289" VPOS="1647" WIDTH="540" HEIGHT="29">
						<String ID="P5_ST00451" HPOS="1289" VPOS="1649" WIDTH="71" HEIGHT="23" CONTENT="made" WC="1.00" CC="0000"/>
						<SP ID="P5_SP00365" HPOS="1360" VPOS="1672" WIDTH="23"/>
						<String ID="P5_ST00452" HPOS="1383" VPOS="1648" WIDTH="17" HEIGHT="24" CONTENT="it" WC="1.00" CC="00"/>
						<SP ID="P5_SP00366" HPOS="1400" VPOS="1672" WIDTH="22"/>
						<String ID="P5_ST00453" HPOS="1422" VPOS="1648" WIDTH="26" HEIGHT="23" CONTENT="in" WC="0.98" CC="10"/>
						<SP ID="P5_SP00367" HPOS="1448" VPOS="1672" WIDTH="22"/>
						<String ID="P5_ST00454" HPOS="1470" VPOS="1648" WIDTH="73" HEIGHT="23" CONTENT="order" WC="1.00" CC="00000"/>
						<SP ID="P5_SP00368" HPOS="1543" VPOS="1672" WIDTH="22"/>
						<String ID="P5_ST00455" HPOS="1565" VPOS="1651" WIDTH="27" HEIGHT="20" CONTENT="to" WC="0.98" CC="10"/>
						<SP ID="P5_SP00369" HPOS="1592" VPOS="1672" WIDTH="22"/>
						<String ID="P5_ST00456" HPOS="1614" VPOS="1647" WIDTH="140" HEIGHT="29" CONTENT="emphasize" WC="1.00" CC="000000011"/>
						<SP ID="P5_SP00370" HPOS="1754" VPOS="1676" WIDTH="23"/>
						<String ID="P5_ST00457" HPOS="1777" VPOS="1648" WIDTH="52" HEIGHT="23" CONTENT="that" WC="1.00" CC="0000"/>
					</TextLine>
				</TextBlock>
				<TextBlock ID="P5_TB00007" HPOS="1876" VPOS="565" WIDTH="550" HEIGHT="533" STYLEREFS="TXT_4 PAR_LEFT">
					<TextLine ID="P5_TL00088" HPOS="1881" VPOS="565" WIDTH="541" HEIGHT="30">
						<String ID="P5_ST00458" HPOS="1881" VPOS="565" WIDTH="92" HEIGHT="30" CONTENT="faculty" WC="1.00" CC="1100100"/>
						<SP ID="P5_SP00371" HPOS="1973" VPOS="595" WIDTH="21"/>
						<String ID="P5_ST00459" HPOS="1994" VPOS="566" WIDTH="48" HEIGHT="23" CONTENT="and" WC="1.00" CC="000"/>
						<SP ID="P5_SP00372" HPOS="2042" VPOS="595" WIDTH="20"/>
						<String ID="P5_ST00460" HPOS="2062" VPOS="566" WIDTH="111" HEIGHT="24" CONTENT="students" WC="1.00" CC="10100011"/>
						<SP ID="P5_SP00373" HPOS="2173" VPOS="595" WIDTH="21"/>
						<String ID="P5_ST00461" HPOS="2194" VPOS="565" WIDTH="33" HEIGHT="23" CONTENT="do" WC="1.00" CC="00"/>
						<SP ID="P5_SP00374" HPOS="2227" VPOS="595" WIDTH="21"/>
						<String ID="P5_ST00462" HPOS="2248" VPOS="565" WIDTH="85" HEIGHT="29" CONTENT="gather" WC="1.00" CC="010000"/>
						<SP ID="P5_SP00375" HPOS="2333" VPOS="595" WIDTH="21"/>
						<String ID="P5_ST00463" HPOS="2354" VPOS="565" WIDTH="68" HEIGHT="22" CONTENT="often" WC="1.00" CC="00100"/>
					</TextLine>
					<TextLine ID="P5_TL00089" HPOS="1880" VPOS="604" WIDTH="161" HEIGHT="24">
						<String ID="P5_ST00464" HPOS="1880" VPOS="611" WIDTH="60" HEIGHT="16" CONTENT="over" WC="1.00" CC="0000"/>
						<SP ID="P5_SP00376" HPOS="1940" VPOS="627" WIDTH="11"/>
						<String ID="P5_ST00465" HPOS="1951" VPOS="604" WIDTH="90" HEIGHT="24" CONTENT="drinks." WC="1.00" CC="0000110"/>
					</TextLine>
					<TextLine ID="P5_TL00090" HPOS="1915" VPOS="641" WIDTH="508" HEIGHT="31">
						<String ID="P5_ST00466" HPOS="1915" VPOS="643" WIDTH="89" HEIGHT="23" CONTENT="Father" WC="1.00" CC="001100"/>
						<SP ID="P5_SP00377" HPOS="2004" VPOS="666" WIDTH="17"/>
						<String ID="P5_ST00467" HPOS="2021" VPOS="643" WIDTH="134" HEIGHT="29" CONTENT="Mullahy's" WC="0.98" CC="000000011"/>
						<SP ID="P5_SP00378" HPOS="2155" VPOS="672" WIDTH="18"/>
						<String ID="P5_ST00468" HPOS="2173" VPOS="649" WIDTH="74" HEIGHT="16" CONTENT="move" WC="1.00" CC="0000"/>
						<SP ID="P5_SP00379" HPOS="2247" VPOS="672" WIDTH="16"/>
						<String ID="P5_ST00469" HPOS="2263" VPOS="642" WIDTH="46" HEIGHT="23" CONTENT="lost" WC="1.00" CC="0010"/>
						<SP ID="P5_SP00380" HPOS="2309" VPOS="672" WIDTH="18"/>
						<String ID="P5_ST00470" HPOS="2327" VPOS="641" WIDTH="31" HEIGHT="29" CONTENT="by" WC="0.98" CC="10"/>
						<SP ID="P5_SP00381" HPOS="2358" VPOS="672" WIDTH="18"/>
						<String ID="P5_ST00471" HPOS="2376" VPOS="649" WIDTH="47" HEIGHT="16" CONTENT="one" WC="1.00" CC="001"/>
					</TextLine>
					<TextLine ID="P5_TL00091" HPOS="1880" VPOS="685" WIDTH="63" HEIGHT="20">
						<String ID="P5_ST00472" HPOS="1880" VPOS="685" WIDTH="63" HEIGHT="20" CONTENT="vote." WC="1.00" CC="00000"/>
					</TextLine>
					<TextLine ID="P5_TL00092" HPOS="1913" VPOS="718" WIDTH="510" HEIGHT="32">
						<String ID="P5_ST00473" HPOS="1913" VPOS="720" WIDTH="94" HEIGHT="30" CONTENT="Wright" WC="1.00" CC="000000"/>
						<SP ID="P5_SP00382" HPOS="2007" VPOS="750" WIDTH="20"/>
						<String ID="P5_ST00474" HPOS="2027" VPOS="721" WIDTH="51" HEIGHT="23" CONTENT="said" WC="1.00" CC="1000"/>
						<SP ID="P5_SP00383" HPOS="2078" VPOS="750" WIDTH="20"/>
						<String ID="P5_ST00475" HPOS="2098" VPOS="721" WIDTH="52" HEIGHT="23" CONTENT="that" WC="1.00" CC="0000"/>
						<SP ID="P5_SP00384" HPOS="2150" VPOS="750" WIDTH="21"/>
						<String ID="P5_ST00476" HPOS="2171" VPOS="720" WIDTH="30" HEIGHT="23" CONTENT="he" WC="1.00" CC="00"/>
						<SP ID="P5_SP00385" HPOS="2201" VPOS="750" WIDTH="19"/>
						<String ID="P5_ST00477" HPOS="2220" VPOS="719" WIDTH="84" HEIGHT="22" CONTENT="would" WC="1.00" CC="00001"/>
						<SP ID="P5_SP00386" HPOS="2304" VPOS="750" WIDTH="18"/>
						<String ID="P5_ST00478" HPOS="2322" VPOS="718" WIDTH="66" HEIGHT="24" CONTENT="draft" WC="1.00" CC="00001"/>
						<SP ID="P5_SP00387" HPOS="2388" VPOS="750" WIDTH="21"/>
						<String ID="P5_ST00479" HPOS="2409" VPOS="726" WIDTH="14" HEIGHT="16" CONTENT="a" WC="1.00" CC="0"/>
					</TextLine>
					<TextLine ID="P5_TL00093" HPOS="1879" VPOS="757" WIDTH="544" HEIGHT="30">
						<String ID="P5_ST00480" HPOS="1879" VPOS="759" WIDTH="69" HEIGHT="23" CONTENT="letter" WC="1.00" CC="000000"/>
						<SP ID="P5_SP00388" HPOS="1948" VPOS="782" WIDTH="26"/>
						<String ID="P5_ST00481" HPOS="1974" VPOS="763" WIDTH="27" HEIGHT="19" CONTENT="to" WC="0.96" CC="11"/>
						<SP ID="P5_SP00389" HPOS="2001" VPOS="782" WIDTH="25"/>
						<String ID="P5_ST00482" HPOS="2026" VPOS="759" WIDTH="41" HEIGHT="24" CONTENT="the" WC="1.00" CC="000"/>
						<SP ID="P5_SP00390" HPOS="2067" VPOS="783" WIDTH="27"/>
						<String ID="P5_ST00483" HPOS="2094" VPOS="758" WIDTH="144" HEIGHT="25" CONTENT="committee" WC="1.00" CC="110000100"/>
						<SP ID="P5_SP00391" HPOS="2238" VPOS="783" WIDTH="28"/>
						<String ID="P5_ST00484" HPOS="2266" VPOS="757" WIDTH="157" HEIGHT="30" CONTENT="apologizing" WC="1.00" CC="00000010000"/>
					</TextLine>
					<TextLine ID="P5_TL00094" HPOS="1879" VPOS="797" WIDTH="246" HEIGHT="25">
						<String ID="P5_ST00485" HPOS="1879" VPOS="798" WIDTH="39" HEIGHT="23" CONTENT="for" WC="1.00" CC="001"/>
						<SP ID="P5_SP00392" HPOS="1918" VPOS="821" WIDTH="14"/>
						<String ID="P5_ST00486" HPOS="1932" VPOS="797" WIDTH="40" HEIGHT="24" CONTENT="the" WC="1.00" CC="000"/>
						<SP ID="P5_SP00393" HPOS="1972" VPOS="821" WIDTH="14"/>
						<String ID="P5_ST00487" HPOS="1986" VPOS="801" WIDTH="139" HEIGHT="21" CONTENT="statement." WC="1.00" CC="1000100000"/>
					</TextLine>
					<TextLine ID="P5_TL00095" HPOS="1911" VPOS="835" WIDTH="510" HEIGHT="30">
						<String ID="P5_ST00488" HPOS="1911" VPOS="836" WIDTH="52" HEIGHT="23" CONTENT="The" WC="1.00" CC="000"/>
						<SP ID="P5_SP00394" HPOS="1963" VPOS="859" WIDTH="20"/>
						<String ID="P5_ST00489" HPOS="1983" VPOS="837" WIDTH="143" HEIGHT="23" CONTENT="committee" WC="1.00" CC="000000001"/>
						<SP ID="P5_SP00395" HPOS="2126" VPOS="860" WIDTH="21"/>
						<String ID="P5_ST00490" HPOS="2147" VPOS="835" WIDTH="129" HEIGHT="30" CONTENT="yesterday" WC="1.00" CC="011000010"/>
						<SP ID="P5_SP00396" HPOS="2276" VPOS="865" WIDTH="19"/>
						<String ID="P5_ST00491" HPOS="2295" VPOS="835" WIDTH="126" HEIGHT="23" CONTENT="discussed" WC="1.00" CC="001001100"/>
					</TextLine>
					<TextLine ID="P5_TL00096" HPOS="1877" VPOS="873" WIDTH="544" HEIGHT="32">
						<String ID="P5_ST00492" HPOS="1877" VPOS="875" WIDTH="41" HEIGHT="23" CONTENT="the" WC="1.00" CC="000"/>
						<SP ID="P5_SP00397" HPOS="1918" VPOS="898" WIDTH="16"/>
						<String ID="P5_ST00493" HPOS="1934" VPOS="875" WIDTH="75" HEIGHT="30" CONTENT="rights" WC="1.00" CC="000000"/>
						<SP ID="P5_SP00398" HPOS="2009" VPOS="905" WIDTH="16"/>
						<String ID="P5_ST00494" HPOS="2025" VPOS="875" WIDTH="30" HEIGHT="23" CONTENT="of" WC="1.00" CC="00"/>
						<SP ID="P5_SP00399" HPOS="2055" VPOS="905" WIDTH="15"/>
						<String ID="P5_ST00495" HPOS="2070" VPOS="875" WIDTH="112" HEIGHT="23" CONTENT="students" WC="1.00" CC="00000001"/>
						<SP ID="P5_SP00400" HPOS="2182" VPOS="905" WIDTH="17"/>
						<String ID="P5_ST00496" HPOS="2199" VPOS="878" WIDTH="26" HEIGHT="20" CONTENT="to" WC="1.00" CC="00"/>
						<SP ID="P5_SP00401" HPOS="2225" VPOS="905" WIDTH="18"/>
						<String ID="P5_ST00497" HPOS="2243" VPOS="873" WIDTH="74" HEIGHT="24" CONTENT="invite" WC="1.00" CC="000000"/>
						<SP ID="P5_SP00402" HPOS="2317" VPOS="905" WIDTH="17"/>
						<String ID="P5_ST00498" HPOS="2334" VPOS="873" WIDTH="73" HEIGHT="30" CONTENT="speak" SUBS_TYPE="HypPart1" SUBS_CONTENT="speakers," WC="1.00" CC="10000"/>
						<HYP HPOS="2407" VPOS="873" WIDTH="14" CONTENT="-"/>
					</TextLine>
					<TextLine ID="P5_TL00097" HPOS="1876" VPOS="912" WIDTH="545" HEIGHT="32">
						<String ID="P5_ST00499" HPOS="1876" VPOS="921" WIDTH="45" HEIGHT="18" CONTENT="ers," SUBS_TYPE="HypPart2" SUBS_CONTENT="speakers," WC="1.00" CC="0000"/>
						<SP ID="P5_SP00403" HPOS="1921" VPOS="939" WIDTH="20"/>
						<String ID="P5_ST00500" HPOS="1941" VPOS="918" WIDTH="27" HEIGHT="20" CONTENT="to" WC="1.00" CC="00"/>
						<SP ID="P5_SP00404" HPOS="1968" VPOS="939" WIDTH="18"/>
						<String ID="P5_ST00501" HPOS="1986" VPOS="914" WIDTH="51" HEIGHT="29" CONTENT="join" WC="1.00" CC="1100"/>
						<SP ID="P5_SP00405" HPOS="2037" VPOS="943" WIDTH="22"/>
						<String ID="P5_ST00502" HPOS="2059" VPOS="913" WIDTH="184" HEIGHT="31" CONTENT="organizations" WC="1.00" CC="1001211000100"/>
						<SP ID="P5_SP00406" HPOS="2243" VPOS="944" WIDTH="21"/>
						<String ID="P5_ST00503" HPOS="2264" VPOS="912" WIDTH="49" HEIGHT="24" CONTENT="and" WC="1.00" CC="000"/>
						<SP ID="P5_SP00407" HPOS="2313" VPOS="944" WIDTH="21"/>
						<String ID="P5_ST00504" HPOS="2334" VPOS="916" WIDTH="26" HEIGHT="20" CONTENT="to" WC="1.00" CC="00"/>
						<SP ID="P5_SP00408" HPOS="2360" VPOS="944" WIDTH="19"/>
						<String ID="P5_ST00505" HPOS="2379" VPOS="920" WIDTH="28" HEIGHT="16" CONTENT="en" SUBS_TYPE="HypPart1" SUBS_CONTENT="engage" WC="1.00" CC="00"/>
						<HYP HPOS="2407" VPOS="920" WIDTH="14" CONTENT="-"/>
					</TextLine>
					<TextLine ID="P5_TL00098" HPOS="1876" VPOS="951" WIDTH="544" HEIGHT="31">
						<String ID="P5_ST00506" HPOS="1876" VPOS="960" WIDTH="60" HEIGHT="22" CONTENT="gage" SUBS_TYPE="HypPart2" SUBS_CONTENT="engage" WC="1.00" CC="1000"/>
						<SP ID="P5_SP00409" HPOS="1936" VPOS="982" WIDTH="15"/>
						<String ID="P5_ST00507" HPOS="1951" VPOS="953" WIDTH="24" HEIGHT="23" CONTENT="in" WC="1.00" CC="00"/>
						<SP ID="P5_SP00410" HPOS="1975" VPOS="982" WIDTH="16"/>
						<String ID="P5_ST00508" HPOS="1991" VPOS="952" WIDTH="149" HEIGHT="24" CONTENT="extramural" WC="1.00" CC="0101010000"/>
						<SP ID="P5_SP00411" HPOS="2140" VPOS="982" WIDTH="18"/>
						<String ID="P5_ST00509" HPOS="2158" VPOS="951" WIDTH="127" HEIGHT="24" CONTENT="activities." WC="1.00" CC="01000010000"/>
						<SP ID="P5_SP00412" HPOS="2285" VPOS="982" WIDTH="16"/>
						<String ID="P5_ST00510" HPOS="2301" VPOS="951" WIDTH="53" HEIGHT="24" CONTENT="The" WC="1.00" CC="000"/>
						<SP ID="P5_SP00413" HPOS="2354" VPOS="982" WIDTH="15"/>
						<String ID="P5_ST00511" HPOS="2369" VPOS="958" WIDTH="39" HEIGHT="16" CONTENT="sec" SUBS_TYPE="HypPart1" SUBS_CONTENT="sections" WC="1.00" CC="000"/>
						<HYP HPOS="2408" VPOS="958" WIDTH="12" CONTENT="-"/>
					</TextLine>
					<TextLine ID="P5_TL00099" HPOS="1876" VPOS="990" WIDTH="544" HEIGHT="30">
						<String ID="P5_ST00512" HPOS="1876" VPOS="992" WIDTH="64" HEIGHT="23" CONTENT="tions" SUBS_TYPE="HypPart2" SUBS_CONTENT="sections" WC="1.00" CC="01001"/>
						<SP ID="P5_SP00414" HPOS="1940" VPOS="1015" WIDTH="16"/>
						<String ID="P5_ST00513" HPOS="1956" VPOS="991" WIDTH="126" HEIGHT="24" CONTENT="discussed" WC="1.00" CC="100001100"/>
						<SP ID="P5_SP00415" HPOS="2082" VPOS="1015" WIDTH="17"/>
						<String ID="P5_ST00514" HPOS="2099" VPOS="990" WIDTH="129" HEIGHT="30" CONTENT="yesterday" WC="1.00" CC="010000000"/>
						<SP ID="P5_SP00416" HPOS="2228" VPOS="1020" WIDTH="19"/>
						<String ID="P5_ST00515" HPOS="2247" VPOS="990" WIDTH="115" HEIGHT="23" CONTENT="included" WC="1.00" CC="00000000"/>
						<SP ID="P5_SP00417" HPOS="2362" VPOS="1020" WIDTH="17"/>
						<String ID="P5_ST00516" HPOS="2379" VPOS="990" WIDTH="41" HEIGHT="23" CONTENT="the" WC="1.00" CC="001"/>
					</TextLine>
					<TextLine ID="P5_TL00100" HPOS="1876" VPOS="1028" WIDTH="544" HEIGHT="32">
						<String ID="P5_ST00517" HPOS="1876" VPOS="1030" WIDTH="137" HEIGHT="30" CONTENT="provisions" WC="1.00" CC="0000010001"/>
						<SP ID="P5_SP00418" HPOS="2013" VPOS="1060" WIDTH="27"/>
						<String ID="P5_ST00518" HPOS="2040" VPOS="1036" WIDTH="130" HEIGHT="23" CONTENT="necessary" WC="1.00" CC="000000100"/>
						<SP ID="P5_SP00419" HPOS="2170" VPOS="1060" WIDTH="27"/>
						<String ID="P5_ST00519" HPOS="2197" VPOS="1029" WIDTH="40" HEIGHT="23" CONTENT="for" WC="1.00" CC="010"/>
						<SP ID="P5_SP00420" HPOS="2237" VPOS="1060" WIDTH="26"/>
						<String ID="P5_ST00520" HPOS="2263" VPOS="1028" WIDTH="157" HEIGHT="30" CONTENT="recognizing" WC="1.00" CC="00000111000"/>
					</TextLine>
					<TextLine ID="P5_TL00101" HPOS="1876" VPOS="1068" WIDTH="301" HEIGHT="30">
						<String ID="P5_ST00521" HPOS="1876" VPOS="1069" WIDTH="97" HEIGHT="22" CONTENT="student" WC="1.00" CC="0000001"/>
						<SP ID="P5_SP00421" HPOS="1973" VPOS="1091" WIDTH="13"/>
						<String ID="P5_ST00522" HPOS="1986" VPOS="1068" WIDTH="191" HEIGHT="30" CONTENT="organizations." WC="1.00" CC="00000110010010"/>
					</TextLine>
				</TextBlock>
				<TextBlock ID="P5_TB00008" HPOS="2460" VPOS="565" WIDTH="550" HEIGHT="534" STYLEREFS="TXT_4 PAR_BLOCK">
					<TextLine ID="P5_TL00102" HPOS="2502" VPOS="565" WIDTH="505" HEIGHT="29">
						<String ID="P5_ST00523" HPOS="2502" VPOS="565" WIDTH="64" HEIGHT="22" CONTENT="Next" WC="1.00" CC="0000"/>
						<SP ID="P5_SP00422" HPOS="2566" VPOS="587" WIDTH="13"/>
						<String ID="P5_ST00524" HPOS="2579" VPOS="565" WIDTH="138" HEIGHT="29" CONTENT="Thursday," WC="1.00" CC="000000100"/>
						<SP ID="P5_SP00423" HPOS="2717" VPOS="594" WIDTH="14"/>
						<String ID="P5_ST00525" HPOS="2731" VPOS="565" WIDTH="89" HEIGHT="22" CONTENT="March" WC="1.00" CC="10000"/>
						<SP ID="P5_SP00424" HPOS="2820" VPOS="594" WIDTH="14"/>
						<String ID="P5_ST00526" HPOS="2834" VPOS="565" WIDTH="39" HEIGHT="26" CONTENT="21," WC="1.00" CC="000"/>
						<SP ID="P5_SP00425" HPOS="2873" VPOS="594" WIDTH="14"/>
						<String ID="P5_ST00527" HPOS="2887" VPOS="565" WIDTH="41" HEIGHT="23" CONTENT="the" WC="1.00" CC="001"/>
						<SP ID="P5_SP00426" HPOS="2928" VPOS="594" WIDTH="11"/>
						<String ID="P5_ST00528" HPOS="2939" VPOS="571" WIDTH="51" HEIGHT="16" CONTENT="com" SUBS_TYPE="HypPart1" SUBS_CONTENT="committee" WC="1.00" CC="001"/>
						<HYP HPOS="2990" VPOS="571" WIDTH="17" CONTENT="-"/>
					</TextLine>
					<TextLine ID="P5_TL00103" HPOS="2467" VPOS="602" WIDTH="540" HEIGHT="25">
						<String ID="P5_ST00529" HPOS="2467" VPOS="603" WIDTH="82" HEIGHT="24" CONTENT="mittee" SUBS_TYPE="HypPart2" SUBS_CONTENT="committee" WC="1.00" CC="100100"/>
						<SP ID="P5_SP00427" HPOS="2549" VPOS="627" WIDTH="26"/>
						<String ID="P5_ST00530" HPOS="2575" VPOS="603" WIDTH="47" HEIGHT="24" CONTENT="will" WC="1.00" CC="0000"/>
						<SP ID="P5_SP00428" HPOS="2622" VPOS="627" WIDTH="27"/>
						<String ID="P5_ST00531" HPOS="2649" VPOS="603" WIDTH="115" HEIGHT="24" CONTENT="consider" WC="1.00" CC="10010000"/>
						<SP ID="P5_SP00429" HPOS="2764" VPOS="627" WIDTH="25"/>
						<String ID="P5_ST00532" HPOS="2789" VPOS="603" WIDTH="40" HEIGHT="23" CONTENT="the" WC="1.00" CC="000"/>
						<SP ID="P5_SP00430" HPOS="2829" VPOS="627" WIDTH="26"/>
						<String ID="P5_ST00533" HPOS="2855" VPOS="602" WIDTH="94" HEIGHT="24" CONTENT="section" WC="1.00" CC="0011100"/>
						<SP ID="P5_SP00431" HPOS="2949" VPOS="627" WIDTH="26"/>
						<String ID="P5_ST00534" HPOS="2975" VPOS="610" WIDTH="32" HEIGHT="16" CONTENT="on" WC="0.93" CC="20"/>
					</TextLine>
					<TextLine ID="P5_TL00104" HPOS="2466" VPOS="641" WIDTH="542" HEIGHT="30">
						<String ID="P5_ST00535" HPOS="2466" VPOS="642" WIDTH="145" HEIGHT="29" CONTENT="procedural" WC="1.00" CC="0000110040"/>
						<SP ID="P5_SP00432" HPOS="2611" VPOS="671" WIDTH="22"/>
						<String ID="P5_ST00536" HPOS="2633" VPOS="642" WIDTH="130" HEIGHT="24" CONTENT="standards" WC="1.00" CC="001000011"/>
						<SP ID="P5_SP00433" HPOS="2763" VPOS="671" WIDTH="21"/>
						<String ID="P5_ST00537" HPOS="2784" VPOS="643" WIDTH="23" HEIGHT="22" CONTENT="in" WC="1.00" CC="00"/>
						<SP ID="P5_SP00434" HPOS="2807" VPOS="671" WIDTH="22"/>
						<String ID="P5_ST00538" HPOS="2829" VPOS="641" WIDTH="135" HEIGHT="30" CONTENT="discipline." WC="1.00" CC="10000000000"/>
						<SP ID="P5_SP00435" HPOS="2964" VPOS="671" WIDTH="23"/>
						<String ID="P5_ST00539" HPOS="2987" VPOS="642" WIDTH="21" HEIGHT="24" CONTENT="It" WC="1.00" CC="00"/>
					</TextLine>
					<TextLine ID="P5_TL00105" HPOS="2465" VPOS="680" WIDTH="541" HEIGHT="24">
						<String ID="P5_ST00540" HPOS="2465" VPOS="681" WIDTH="47" HEIGHT="22" CONTENT="will" WC="1.00" CC="1000"/>
						<SP ID="P5_SP00436" HPOS="2512" VPOS="703" WIDTH="23"/>
						<String ID="P5_ST00541" HPOS="2535" VPOS="681" WIDTH="93" HEIGHT="22" CONTENT="discuss" WC="1.00" CC="1000000"/>
						<SP ID="P5_SP00437" HPOS="2628" VPOS="703" WIDTH="20"/>
						<String ID="P5_ST00542" HPOS="2648" VPOS="681" WIDTH="43" HEIGHT="23" CONTENT="the" WC="1.00" CC="001"/>
						<SP ID="P5_SP00438" HPOS="2691" VPOS="704" WIDTH="21"/>
						<String ID="P5_ST00543" HPOS="2712" VPOS="680" WIDTH="117" HEIGHT="24" CONTENT="standard" WC="1.00" CC="01000000"/>
						<SP ID="P5_SP00439" HPOS="2829" VPOS="704" WIDTH="22"/>
						<String ID="P5_ST00544" HPOS="2851" VPOS="680" WIDTH="28" HEIGHT="24" CONTENT="of" WC="1.00" CC="00"/>
						<SP ID="P5_SP00440" HPOS="2879" VPOS="704" WIDTH="20"/>
						<String ID="P5_ST00545" HPOS="2899" VPOS="681" WIDTH="107" HEIGHT="23" CONTENT="conduct" WC="1.00" CC="1000000"/>
					</TextLine>
					<TextLine ID="P5_TL00106" HPOS="2464" VPOS="719" WIDTH="543" HEIGHT="30">
						<String ID="P5_ST00546" HPOS="2464" VPOS="719" WIDTH="118" HEIGHT="29" CONTENT="expected" WC="1.00" CC="00001000"/>
						<SP ID="P5_SP00441" HPOS="2582" VPOS="748" WIDTH="20"/>
						<String ID="P5_ST00547" HPOS="2602" VPOS="720" WIDTH="28" HEIGHT="22" CONTENT="of" WC="1.00" CC="00"/>
						<SP ID="P5_SP00442" HPOS="2630" VPOS="748" WIDTH="18"/>
						<String ID="P5_ST00548" HPOS="2648" VPOS="720" WIDTH="118" HEIGHT="25" CONTENT="students," WC="1.00" CC="000000010"/>
						<SP ID="P5_SP00443" HPOS="2766" VPOS="748" WIDTH="22"/>
						<String ID="P5_ST00549" HPOS="2788" VPOS="719" WIDTH="172" HEIGHT="30" CONTENT="investigation" WC="1.00" CC="0000100000000"/>
						<SP ID="P5_SP00444" HPOS="2960" VPOS="749" WIDTH="19"/>
						<String ID="P5_ST00550" HPOS="2979" VPOS="720" WIDTH="28" HEIGHT="23" CONTENT="of" WC="1.00" CC="00"/>
					</TextLine>
					<TextLine ID="P5_TL00107" HPOS="2464" VPOS="758" WIDTH="542" HEIGHT="24">
						<String ID="P5_ST00551" HPOS="2464" VPOS="758" WIDTH="98" HEIGHT="23" CONTENT="student" WC="1.00" CC="0111010"/>
						<SP ID="P5_SP00445" HPOS="2562" VPOS="781" WIDTH="16"/>
						<String ID="P5_ST00552" HPOS="2578" VPOS="759" WIDTH="107" HEIGHT="22" CONTENT="conduct" WC="1.00" CC="0101000"/>
						<SP ID="P5_SP00446" HPOS="2685" VPOS="781" WIDTH="17"/>
						<String ID="P5_ST00553" HPOS="2702" VPOS="759" WIDTH="48" HEIGHT="23" CONTENT="and" WC="1.00" CC="000"/>
						<SP ID="P5_SP00447" HPOS="2750" VPOS="782" WIDTH="17"/>
						<String ID="P5_ST00554" HPOS="2767" VPOS="758" WIDTH="40" HEIGHT="24" CONTENT="the" WC="1.00" CC="100"/>
						<SP ID="P5_SP00448" HPOS="2807" VPOS="782" WIDTH="16"/>
						<String ID="P5_ST00555" HPOS="2823" VPOS="762" WIDTH="76" HEIGHT="20" CONTENT="status" WC="1.00" CC="111101"/>
						<SP ID="P5_SP00449" HPOS="2899" VPOS="782" WIDTH="15"/>
						<String ID="P5_ST00556" HPOS="2914" VPOS="759" WIDTH="29" HEIGHT="22" CONTENT="of" WC="1.00" CC="00"/>
						<SP ID="P5_SP00450" HPOS="2943" VPOS="782" WIDTH="14"/>
						<String ID="P5_ST00557" HPOS="2957" VPOS="762" WIDTH="37" HEIGHT="20" CONTENT="stu" SUBS_TYPE="HypPart1" SUBS_CONTENT="students" WC="1.00" CC="101"/>
						<HYP HPOS="2994" VPOS="762" WIDTH="12" CONTENT="-"/>
					</TextLine>
					<TextLine ID="P5_TL00108" HPOS="2464" VPOS="796" WIDTH="542" HEIGHT="30">
						<String ID="P5_ST00558" HPOS="2464" VPOS="796" WIDTH="71" HEIGHT="23" CONTENT="dents" SUBS_TYPE="HypPart2" SUBS_CONTENT="students" WC="1.00" CC="10000"/>
						<SP ID="P5_SP00451" HPOS="2535" VPOS="819" WIDTH="12"/>
						<String ID="P5_ST00559" HPOS="2547" VPOS="797" WIDTH="57" HEIGHT="23" CONTENT="who" WC="1.00" CC="001"/>
						<SP ID="P5_SP00452" HPOS="2604" VPOS="820" WIDTH="12"/>
						<String ID="P5_ST00560" HPOS="2616" VPOS="797" WIDTH="62" HEIGHT="23" CONTENT="have" WC="1.00" CC="0000"/>
						<SP ID="P5_SP00453" HPOS="2678" VPOS="820" WIDTH="12"/>
						<String ID="P5_ST00561" HPOS="2690" VPOS="797" WIDTH="54" HEIGHT="23" CONTENT="civil" WC="1.00" CC="10000"/>
						<SP ID="P5_SP00454" HPOS="2744" VPOS="820" WIDTH="14"/>
						<String ID="P5_ST00562" HPOS="2758" VPOS="797" WIDTH="61" HEIGHT="29" CONTENT="legal" WC="1.00" CC="10001"/>
						<SP ID="P5_SP00455" HPOS="2819" VPOS="826" WIDTH="15"/>
						<String ID="P5_ST00563" HPOS="2834" VPOS="797" WIDTH="81" HEIGHT="23" CONTENT="action" WC="1.00" CC="001000"/>
						<SP ID="P5_SP00456" HPOS="2915" VPOS="826" WIDTH="14"/>
						<String ID="P5_ST00564" HPOS="2929" VPOS="797" WIDTH="62" HEIGHT="29" CONTENT="pend" SUBS_TYPE="HypPart1" SUBS_CONTENT="pending" WC="1.00" CC="0010"/>
						<HYP HPOS="2991" VPOS="797" WIDTH="15" CONTENT="-"/>
					</TextLine>
					<TextLine ID="P5_TL00109" HPOS="2465" VPOS="835" WIDTH="232" HEIGHT="29">
						<String ID="P5_ST00565" HPOS="2465" VPOS="835" WIDTH="41" HEIGHT="29" CONTENT="ing" SUBS_TYPE="HypPart2" SUBS_CONTENT="pending" WC="1.00" CC="000"/>
						<SP ID="P5_SP00457" HPOS="2506" VPOS="864" WIDTH="11"/>
						<String ID="P5_ST00566" HPOS="2517" VPOS="835" WIDTH="94" HEIGHT="29" CONTENT="against" WC="1.00" CC="0000000"/>
						<SP ID="P5_SP00458" HPOS="2611" VPOS="864" WIDTH="12"/>
						<String ID="P5_ST00567" HPOS="2623" VPOS="835" WIDTH="74" HEIGHT="23" CONTENT="them." WC="1.00" CC="00000"/>
					</TextLine>
					<TextLine ID="P5_TL00110" HPOS="2498" VPOS="874" WIDTH="502" HEIGHT="29">
						<String ID="P5_ST00568" HPOS="2498" VPOS="874" WIDTH="58" HEIGHT="22" CONTENT="This" WC="1.00" CC="0000"/>
						<SP ID="P5_SP00459" HPOS="2556" VPOS="896" WIDTH="29"/>
						<String ID="P5_ST00569" HPOS="2585" VPOS="874" WIDTH="106" HEIGHT="29" CONTENT="meeting" WC="1.00" CC="1100001"/>
						<SP ID="P5_SP00460" HPOS="2691" VPOS="903" WIDTH="26"/>
						<String ID="P5_ST00570" HPOS="2717" VPOS="874" WIDTH="18" HEIGHT="23" CONTENT="is" WC="1.00" CC="00"/>
						<SP ID="P5_SP00461" HPOS="2735" VPOS="903" WIDTH="28"/>
						<String ID="P5_ST00571" HPOS="2763" VPOS="874" WIDTH="132" HEIGHT="23" CONTENT="scheduled" WC="1.00" CC="300000010"/>
						<SP ID="P5_SP00462" HPOS="2895" VPOS="903" WIDTH="28"/>
						<String ID="P5_ST00572" HPOS="2923" VPOS="874" WIDTH="40" HEIGHT="23" CONTENT="for" WC="1.00" CC="010"/>
						<SP ID="P5_SP00463" HPOS="2963" VPOS="903" WIDTH="31"/>
						<String ID="P5_ST00573" HPOS="2994" VPOS="875" WIDTH="6" HEIGHT="22" CONTENT="1" WC="0.96" CC="1"/>
					</TextLine>
					<TextLine ID="P5_TL00111" HPOS="2464" VPOS="912" WIDTH="540" HEIGHT="30">
						<String ID="P5_ST00574" HPOS="2464" VPOS="919" WIDTH="57" HEIGHT="22" CONTENT="p.m." WC="1.00" CC="0000"/>
						<SP ID="P5_SP00464" HPOS="2521" VPOS="941" WIDTH="19"/>
						<String ID="P5_ST00575" HPOS="2540" VPOS="913" WIDTH="102" HEIGHT="22" CONTENT="Student" WC="1.00" CC="1011000"/>
						<SP ID="P5_SP00465" HPOS="2642" VPOS="941" WIDTH="18"/>
						<String ID="P5_ST00576" HPOS="2660" VPOS="912" WIDTH="75" HEIGHT="30" CONTENT="rights" WC="1.00" CC="000000"/>
						<SP ID="P5_SP00466" HPOS="2735" VPOS="942" WIDTH="18"/>
						<String ID="P5_ST00577" HPOS="2753" VPOS="913" WIDTH="118" HEIGHT="29" CONTENT="meetings" WC="1.00" CC="10000100"/>
						<SP ID="P5_SP00467" HPOS="2871" VPOS="942" WIDTH="19"/>
						<String ID="P5_ST00578" HPOS="2890" VPOS="920" WIDTH="39" HEIGHT="16" CONTENT="are" WC="1.00" CC="010"/>
						<SP ID="P5_SP00468" HPOS="2929" VPOS="942" WIDTH="18"/>
						<String ID="P5_ST00579" HPOS="2947" VPOS="913" WIDTH="57" HEIGHT="23" CONTENT="held" WC="1.00" CC="1000"/>
					</TextLine>
					<TextLine ID="P5_TL00112" HPOS="2464" VPOS="951" WIDTH="540" HEIGHT="24">
						<String ID="P5_ST00580" HPOS="2464" VPOS="951" WIDTH="22" HEIGHT="23" CONTENT="in" WC="0.98" CC="01"/>
						<SP ID="P5_SP00469" HPOS="2486" VPOS="974" WIDTH="19"/>
						<String ID="P5_ST00581" HPOS="2505" VPOS="958" WIDTH="84" HEIGHT="16" CONTENT="rooms" WC="1.00" CC="00010"/>
						<SP ID="P5_SP00470" HPOS="2589" VPOS="974" WIDTH="18"/>
						<String ID="P5_ST00582" HPOS="2607" VPOS="951" WIDTH="13" HEIGHT="23" CONTENT="2" WC="1.00" CC="0"/>
						<SP ID="P5_SP00471" HPOS="2620" VPOS="974" WIDTH="20"/>
						<String ID="P5_ST00583" HPOS="2640" VPOS="952" WIDTH="23" HEIGHT="22" CONTENT="D" WC="1.00" CC="0"/>
						<SP ID="P5_SP00472" HPOS="2663" VPOS="974" WIDTH="18"/>
						<String ID="P5_ST00584" HPOS="2681" VPOS="952" WIDTH="48" HEIGHT="23" CONTENT="and" WC="1.00" CC="101"/>
						<SP ID="P5_SP00473" HPOS="2729" VPOS="975" WIDTH="20"/>
						<String ID="P5_ST00585" HPOS="2749" VPOS="952" WIDTH="19" HEIGHT="23" CONTENT="E" WC="0.96" CC="1"/>
						<SP ID="P5_SP00474" HPOS="2768" VPOS="975" WIDTH="17"/>
						<String ID="P5_ST00586" HPOS="2785" VPOS="952" WIDTH="28" HEIGHT="23" CONTENT="of" WC="1.00" CC="00"/>
						<SP ID="P5_SP00475" HPOS="2813" VPOS="975" WIDTH="19"/>
						<String ID="P5_ST00587" HPOS="2832" VPOS="952" WIDTH="89" HEIGHT="23" CONTENT="Danna" WC="1.00" CC="00000"/>
						<SP ID="P5_SP00476" HPOS="2921" VPOS="975" WIDTH="18"/>
						<String ID="P5_ST00588" HPOS="2939" VPOS="952" WIDTH="49" HEIGHT="23" CONTENT="Cen" SUBS_TYPE="HypPart1" SUBS_CONTENT="Center." WC="1.00" CC="001"/>
						<HYP HPOS="2988" VPOS="952" WIDTH="16" CONTENT="-"/>
					</TextLine>
					<TextLine ID="P5_TL00113" HPOS="2464" VPOS="994" WIDTH="42" HEIGHT="19">
						<String ID="P5_ST00589" HPOS="2464" VPOS="994" WIDTH="42" HEIGHT="19" CONTENT="ter." SUBS_TYPE="HypPart2" SUBS_CONTENT="Center." WC="1.00" CC="0000"/>
					</TextLine>
					<TextLine ID="P5_TL00114" HPOS="2496" VPOS="1028" WIDTH="507" HEIGHT="30">
						<String ID="P5_ST00590" HPOS="2496" VPOS="1028" WIDTH="52" HEIGHT="24" CONTENT="The" WC="1.00" CC="000"/>
						<SP ID="P5_SP00477" HPOS="2548" VPOS="1052" WIDTH="20"/>
						<String ID="P5_ST00591" HPOS="2568" VPOS="1028" WIDTH="137" HEIGHT="30" CONTENT="remaining" WC="1.00" CC="000000000"/>
						<SP ID="P5_SP00478" HPOS="2705" VPOS="1058" WIDTH="18"/>
						<String ID="P5_ST00592" HPOS="2723" VPOS="1029" WIDTH="141" HEIGHT="23" CONTENT="committee" WC="1.00" CC="000001111"/>
						<SP ID="P5_SP00479" HPOS="2864" VPOS="1058" WIDTH="21"/>
						<String ID="P5_ST00593" HPOS="2885" VPOS="1029" WIDTH="118" HEIGHT="29" CONTENT="meetings" WC="1.00" CC="21010010"/>
					</TextLine>
					<TextLine ID="P5_TL00115" HPOS="2462" VPOS="1067" WIDTH="540" HEIGHT="29">
						<String ID="P5_ST00594" HPOS="2462" VPOS="1074" WIDTH="41" HEIGHT="16" CONTENT="are" WC="1.00" CC="000"/>
						<SP ID="P5_SP00480" HPOS="2503" VPOS="1090" WIDTH="16"/>
						<String ID="P5_ST00595" HPOS="2519" VPOS="1074" WIDTH="64" HEIGHT="22" CONTENT="open" WC="1.00" CC="0100"/>
						<SP ID="P5_SP00481" HPOS="2583" VPOS="1096" WIDTH="17"/>
						<String ID="P5_ST00596" HPOS="2600" VPOS="1071" WIDTH="25" HEIGHT="19" CONTENT="to" WC="1.00" CC="00"/>
						<SP ID="P5_SP00482" HPOS="2625" VPOS="1096" WIDTH="16"/>
						<String ID="P5_ST00597" HPOS="2641" VPOS="1074" WIDTH="47" HEIGHT="22" CONTENT="any" WC="1.00" CC="000"/>
						<SP ID="P5_SP00483" HPOS="2688" VPOS="1096" WIDTH="16"/>
						<String ID="P5_ST00598" HPOS="2704" VPOS="1074" WIDTH="88" HEIGHT="22" CONTENT="person" WC="1.00" CC="000000"/>
						<SP ID="P5_SP00484" HPOS="2792" VPOS="1096" WIDTH="18"/>
						<String ID="P5_ST00599" HPOS="2810" VPOS="1068" WIDTH="22" HEIGHT="22" CONTENT="in" WC="1.00" CC="00"/>
						<SP ID="P5_SP00485" HPOS="2832" VPOS="1096" WIDTH="18"/>
						<String ID="P5_ST00600" HPOS="2850" VPOS="1067" WIDTH="40" HEIGHT="23" CONTENT="the" WC="1.00" CC="100"/>
						<SP ID="P5_SP00486" HPOS="2890" VPOS="1096" WIDTH="16"/>
						<String ID="P5_ST00601" HPOS="2906" VPOS="1067" WIDTH="83" HEIGHT="23" CONTENT="univer" SUBS_TYPE="HypPart1" SUBS_CONTENT="university." WC="1.00" CC="000000"/>
						<HYP HPOS="2989" VPOS="1067" WIDTH="13" CONTENT="-"/>
					</TextLine>
				</TextBlock>
				<TextBlock ID="P5_TB00009" HPOS="3044" VPOS="565" WIDTH="549" HEIGHT="529" STYLEREFS="TXT_4 PAR_BLOCK">
					<TextLine ID="P5_TL00116" HPOS="3050" VPOS="565" WIDTH="542" HEIGHT="29">
						<String ID="P5_ST00602" HPOS="3050" VPOS="565" WIDTH="52" HEIGHT="29" CONTENT="sity." SUBS_TYPE="HypPart2" SUBS_CONTENT="university." WC="0.97" CC="11010"/>
						<SP ID="P5_SP00487" HPOS="3102" VPOS="594" WIDTH="28"/>
						<String ID="P5_ST00603" HPOS="3130" VPOS="566" WIDTH="144" HEIGHT="24" CONTENT="Discussion" WC="1.00" CC="1110011000"/>
						<SP ID="P5_SP00488" HPOS="3274" VPOS="594" WIDTH="26"/>
						<String ID="P5_ST00604" HPOS="3300" VPOS="566" WIDTH="20" HEIGHT="24" CONTENT="is" WC="0.98" CC="01"/>
						<SP ID="P5_SP00489" HPOS="3320" VPOS="594" WIDTH="26"/>
						<String ID="P5_ST00605" HPOS="3346" VPOS="570" WIDTH="43" HEIGHT="19" CONTENT="not" WC="1.00" CC="000"/>
						<SP ID="P5_SP00490" HPOS="3389" VPOS="594" WIDTH="26"/>
						<String ID="P5_ST00606" HPOS="3415" VPOS="566" WIDTH="127" HEIGHT="23" CONTENT="restricted" WC="1.00" CC="0111110100"/>
						<SP ID="P5_SP00491" HPOS="3542" VPOS="594" WIDTH="24"/>
						<String ID="P5_ST00607" HPOS="3566" VPOS="570" WIDTH="26" HEIGHT="20" CONTENT="to" WC="1.00" CC="00"/>
					</TextLine>
					<TextLine ID="P5_TL00117" HPOS="3050" VPOS="604" WIDTH="541" HEIGHT="28">
						<String ID="P5_ST00608" HPOS="3050" VPOS="605" WIDTH="141" HEIGHT="23" CONTENT="committee" WC="1.00" CC="011101000"/>
						<SP ID="P5_SP00492" HPOS="3191" VPOS="628" WIDTH="31"/>
						<String ID="P5_ST00609" HPOS="3222" VPOS="604" WIDTH="132" HEIGHT="27" CONTENT="members;" WC="1.00" CC="00000011"/>
						<SP ID="P5_SP00493" HPOS="3354" VPOS="631" WIDTH="30"/>
						<String ID="P5_ST00610" HPOS="3384" VPOS="604" WIDTH="42" HEIGHT="24" CONTENT="the" WC="1.00" CC="010"/>
						<SP ID="P5_SP00494" HPOS="3426" VPOS="631" WIDTH="28"/>
						<String ID="P5_ST00611" HPOS="3454" VPOS="604" WIDTH="137" HEIGHT="28" CONTENT="chairman," WC="1.00" CC="000000001"/>
					</TextLine>
					<TextLine ID="P5_TL00118" HPOS="3051" VPOS="642" WIDTH="540" HEIGHT="31">
						<String ID="P5_ST00612" HPOS="3051" VPOS="642" WIDTH="84" HEIGHT="29" CONTENT="Henry" WC="1.00" CC="00000"/>
						<SP ID="P5_SP00495" HPOS="3135" VPOS="671" WIDTH="16"/>
						<String ID="P5_ST00613" HPOS="3151" VPOS="644" WIDTH="96" HEIGHT="29" CONTENT="Engler," WC="0.94" CC="0010003"/>
						<SP ID="P5_SP00496" HPOS="3247" VPOS="673" WIDTH="17"/>
						<String ID="P5_ST00614" HPOS="3264" VPOS="643" WIDTH="142" HEIGHT="30" CONTENT="recognizes" WC="1.00" CC="0000001101"/>
						<SP ID="P5_SP00497" HPOS="3406" VPOS="673" WIDTH="16"/>
						<String ID="P5_ST00615" HPOS="3422" VPOS="650" WIDTH="98" HEIGHT="22" CONTENT="anyone" WC="1.00" CC="010000"/>
						<SP ID="P5_SP00498" HPOS="3520" VPOS="673" WIDTH="15"/>
						<String ID="P5_ST00616" HPOS="3535" VPOS="643" WIDTH="56" HEIGHT="23" CONTENT="who" WC="1.00" CC="000"/>
					</TextLine>
					<TextLine ID="P5_TL00119" HPOS="3051" VPOS="681" WIDTH="216" HEIGHT="30">
						<String ID="P5_ST00617" HPOS="3051" VPOS="681" WIDTH="86" HEIGHT="22" CONTENT="wishes" WC="1.00" CC="000010"/>
						<SP ID="P5_SP00499" HPOS="3137" VPOS="703" WIDTH="12"/>
						<String ID="P5_ST00618" HPOS="3149" VPOS="685" WIDTH="26" HEIGHT="19" CONTENT="to" WC="0.89" CC="12"/>
						<SP ID="P5_SP00500" HPOS="3175" VPOS="704" WIDTH="10"/>
						<String ID="P5_ST00619" HPOS="3185" VPOS="682" WIDTH="82" HEIGHT="29" CONTENT="speak." WC="1.00" CC="011100"/>
					</TextLine>
					<TextLine ID="P5_TL00120" HPOS="3085" VPOS="719" WIDTH="506" HEIGHT="30">
						<String ID="P5_ST00620" HPOS="3085" VPOS="719" WIDTH="88" HEIGHT="30" CONTENT="Engler" WC="0.97" CC="101010"/>
						<SP ID="P5_SP00501" HPOS="3173" VPOS="749" WIDTH="26"/>
						<String ID="P5_ST00621" HPOS="3199" VPOS="720" WIDTH="148" HEIGHT="24" CONTENT="announced" WC="1.00" CC="100000000"/>
						<SP ID="P5_SP00502" HPOS="3347" VPOS="749" WIDTH="26"/>
						<String ID="P5_ST00622" HPOS="3373" VPOS="720" WIDTH="46" HEIGHT="23" CONTENT="last" WC="1.00" CC="0010"/>
						<SP ID="P5_SP00503" HPOS="3419" VPOS="749" WIDTH="26"/>
						<String ID="P5_ST00623" HPOS="3445" VPOS="720" WIDTH="68" HEIGHT="23" CONTENT="week" WC="1.00" CC="0001"/>
						<SP ID="P5_SP00504" HPOS="3513" VPOS="749" WIDTH="26"/>
						<String ID="P5_ST00624" HPOS="3539" VPOS="720" WIDTH="52" HEIGHT="23" CONTENT="that" WC="1.00" CC="0000"/>
					</TextLine>
					<TextLine ID="P5_TL00121" HPOS="3050" VPOS="758" WIDTH="539" HEIGHT="30">
						<String ID="P5_ST00625" HPOS="3050" VPOS="758" WIDTH="39" HEIGHT="23" CONTENT="the" WC="1.00" CC="001"/>
						<SP ID="P5_SP00505" HPOS="3089" VPOS="781" WIDTH="27"/>
						<String ID="P5_ST00626" HPOS="3116" VPOS="759" WIDTH="142" HEIGHT="24" CONTENT="committee" WC="1.00" CC="010111101"/>
						<SP ID="P5_SP00506" HPOS="3258" VPOS="783" WIDTH="27"/>
						<String ID="P5_ST00627" HPOS="3285" VPOS="759" WIDTH="47" HEIGHT="23" CONTENT="will" WC="1.00" CC="1000"/>
						<SP ID="P5_SP00507" HPOS="3332" VPOS="783" WIDTH="30"/>
						<String ID="P5_ST00628" HPOS="3362" VPOS="758" WIDTH="58" HEIGHT="23" CONTENT="hold" WC="1.00" CC="0001"/>
						<SP ID="P5_SP00508" HPOS="3420" VPOS="783" WIDTH="29"/>
						<String ID="P5_ST00629" HPOS="3449" VPOS="767" WIDTH="14" HEIGHT="14" CONTENT="a" WC="1.00" CC="0"/>
						<SP ID="P5_SP00509" HPOS="3463" VPOS="783" WIDTH="28"/>
						<String ID="P5_ST00630" HPOS="3491" VPOS="758" WIDTH="98" HEIGHT="30" CONTENT="general" WC="1.00" CC="0010000"/>
					</TextLine>
					<TextLine ID="P5_TL00122" HPOS="3050" VPOS="797" WIDTH="541" HEIGHT="31">
						<String ID="P5_ST00631" HPOS="3050" VPOS="797" WIDTH="105" HEIGHT="29" CONTENT="meeting" WC="1.00" CC="0001000"/>
						<SP ID="P5_SP00510" HPOS="3155" VPOS="826" WIDTH="22"/>
						<String ID="P5_ST00632" HPOS="3177" VPOS="805" WIDTH="31" HEIGHT="15" CONTENT="on" WC="0.98" CC="01"/>
						<SP ID="P5_SP00511" HPOS="3208" VPOS="826" WIDTH="23"/>
						<String ID="P5_ST00633" HPOS="3231" VPOS="798" WIDTH="69" HEIGHT="30" CONTENT="April" WC="1.00" CC="00110"/>
						<SP ID="P5_SP00512" HPOS="3300" VPOS="828" WIDTH="28"/>
						<String ID="P5_ST00634" HPOS="3328" VPOS="798" WIDTH="29" HEIGHT="23" CONTENT="18" WC="0.92" CC="11"/>
						<SP ID="P5_SP00513" HPOS="3357" VPOS="828" WIDTH="23"/>
						<String ID="P5_ST00635" HPOS="3380" VPOS="800" WIDTH="24" HEIGHT="21" CONTENT="at" WC="0.98" CC="01"/>
						<SP ID="P5_SP00514" HPOS="3404" VPOS="828" WIDTH="22"/>
						<String ID="P5_ST00636" HPOS="3426" VPOS="797" WIDTH="81" HEIGHT="23" CONTENT="which" WC="1.00" CC="10000"/>
						<SP ID="P5_SP00515" HPOS="3507" VPOS="828" WIDTH="24"/>
						<String ID="P5_ST00637" HPOS="3531" VPOS="797" WIDTH="60" HEIGHT="24" CONTENT="time" WC="1.00" CC="0001"/>
					</TextLine>
					<TextLine ID="P5_TL00123" HPOS="3049" VPOS="835" WIDTH="540" HEIGHT="30">
						<String ID="P5_ST00638" HPOS="3049" VPOS="843" WIDTH="47" HEIGHT="22" CONTENT="any" WC="1.00" CC="001"/>
						<SP ID="P5_SP00516" HPOS="3096" VPOS="865" WIDTH="26"/>
						<String ID="P5_ST00639" HPOS="3122" VPOS="840" WIDTH="87" HEIGHT="19" CONTENT="matter" WC="1.00" CC="002210"/>
						<SP ID="P5_SP00517" HPOS="3209" VPOS="865" WIDTH="25"/>
						<String ID="P5_ST00640" HPOS="3234" VPOS="836" WIDTH="40" HEIGHT="24" CONTENT="the" WC="1.00" CC="101"/>
						<SP ID="P5_SP00518" HPOS="3274" VPOS="865" WIDTH="26"/>
						<String ID="P5_ST00641" HPOS="3300" VPOS="836" WIDTH="145" HEIGHT="24" CONTENT="committee" WC="1.00" CC="011000000"/>
						<SP ID="P5_SP00519" HPOS="3445" VPOS="865" WIDTH="26"/>
						<String ID="P5_ST00642" HPOS="3471" VPOS="835" WIDTH="43" HEIGHT="24" CONTENT="has" WC="1.00" CC="001"/>
						<SP ID="P5_SP00520" HPOS="3514" VPOS="865" WIDTH="27"/>
						<String ID="P5_ST00643" HPOS="3541" VPOS="835" WIDTH="36" HEIGHT="24" CONTENT="dis" SUBS_TYPE="HypPart1" SUBS_CONTENT="discussed" WC="1.00" CC="001"/>
						<HYP HPOS="3577" VPOS="835" WIDTH="12" CONTENT="-"/>
					</TextLine>
					<TextLine ID="P5_TL00124" HPOS="3048" VPOS="874" WIDTH="541" HEIGHT="30">
						<String ID="P5_ST00644" HPOS="3048" VPOS="874" WIDTH="86" HEIGHT="23" CONTENT="cussed" SUBS_TYPE="HypPart2" SUBS_CONTENT="discussed" WC="1.00" CC="100101"/>
						<SP ID="P5_SP00521" HPOS="3134" VPOS="897" WIDTH="22"/>
						<String ID="P5_ST00645" HPOS="3156" VPOS="874" WIDTH="46" HEIGHT="23" CONTENT="will" WC="1.00" CC="1000"/>
						<SP ID="P5_SP00522" HPOS="3202" VPOS="897" WIDTH="22"/>
						<String ID="P5_ST00646" HPOS="3224" VPOS="875" WIDTH="29" HEIGHT="23" CONTENT="be" WC="0.96" CC="10"/>
						<SP ID="P5_SP00523" HPOS="3253" VPOS="898" WIDTH="21"/>
						<String ID="P5_ST00647" HPOS="3274" VPOS="882" WIDTH="64" HEIGHT="22" CONTENT="open" WC="1.00" CC="1000"/>
						<SP ID="P5_SP00524" HPOS="3338" VPOS="904" WIDTH="22"/>
						<String ID="P5_ST00648" HPOS="3360" VPOS="875" WIDTH="39" HEIGHT="23" CONTENT="for" WC="1.00" CC="000"/>
						<SP ID="P5_SP00525" HPOS="3399" VPOS="904" WIDTH="22"/>
						<String ID="P5_ST00649" HPOS="3421" VPOS="874" WIDTH="154" HEIGHT="23" CONTENT="reconsidera" SUBS_TYPE="HypPart1" SUBS_CONTENT="reconsideration." WC="1.00" CC="00101100000"/>
						<HYP HPOS="3575" VPOS="874" WIDTH="14" CONTENT="-"/>
					</TextLine>
					<TextLine ID="P5_TL00125" HPOS="3048" VPOS="912" WIDTH="541" HEIGHT="30">
						<String ID="P5_ST00650" HPOS="3048" VPOS="913" WIDTH="58" HEIGHT="22" CONTENT="tion." SUBS_TYPE="HypPart2" SUBS_CONTENT="reconsideration." WC="1.00" CC="10000"/>
						<SP ID="P5_SP00526" HPOS="3106" VPOS="935" WIDTH="21"/>
						<String ID="P5_ST00651" HPOS="3127" VPOS="913" WIDTH="88" HEIGHT="29" CONTENT="Engler" WC="0.97" CC="210000"/>
						<SP ID="P5_SP00527" HPOS="3215" VPOS="942" WIDTH="19"/>
						<String ID="P5_ST00652" HPOS="3234" VPOS="913" WIDTH="51" HEIGHT="23" CONTENT="said" WC="1.00" CC="0100"/>
						<SP ID="P5_SP00528" HPOS="3285" VPOS="942" WIDTH="19"/>
						<String ID="P5_ST00653" HPOS="3304" VPOS="920" WIDTH="49" HEIGHT="22" CONTENT="any" WC="1.00" CC="011"/>
						<SP ID="P5_SP00529" HPOS="3353" VPOS="942" WIDTH="18"/>
						<String ID="P5_ST00654" HPOS="3371" VPOS="913" WIDTH="111" HEIGHT="23" CONTENT="member" WC="1.00" CC="000101"/>
						<SP ID="P5_SP00530" HPOS="3482" VPOS="942" WIDTH="18"/>
						<String ID="P5_ST00655" HPOS="3500" VPOS="912" WIDTH="30" HEIGHT="24" CONTENT="of" WC="1.00" CC="00"/>
						<SP ID="P5_SP00531" HPOS="3530" VPOS="942" WIDTH="17"/>
						<String ID="P5_ST00656" HPOS="3547" VPOS="912" WIDTH="42" HEIGHT="25" CONTENT="the" WC="1.00" CC="001"/>
					</TextLine>
					<TextLine ID="P5_TL00126" HPOS="3047" VPOS="951" WIDTH="540" HEIGHT="30">
						<String ID="P5_ST00657" HPOS="3047" VPOS="951" WIDTH="133" HEIGHT="29" CONTENT="university" WC="1.00" CC="0000111001"/>
						<SP ID="P5_SP00532" HPOS="3180" VPOS="980" WIDTH="18"/>
						<String ID="P5_ST00658" HPOS="3198" VPOS="959" WIDTH="55" HEIGHT="22" CONTENT="may" WC="1.00" CC="001"/>
						<SP ID="P5_SP00533" HPOS="3253" VPOS="981" WIDTH="16"/>
						<String ID="P5_ST00659" HPOS="3269" VPOS="955" WIDTH="24" HEIGHT="20" CONTENT="at" WC="0.96" CC="10"/>
						<SP ID="P5_SP00534" HPOS="3293" VPOS="981" WIDTH="16"/>
						<String ID="P5_ST00660" HPOS="3309" VPOS="952" WIDTH="51" HEIGHT="23" CONTENT="that" WC="1.00" CC="0100"/>
						<SP ID="P5_SP00535" HPOS="3360" VPOS="981" WIDTH="16"/>
						<String ID="P5_ST00661" HPOS="3376" VPOS="952" WIDTH="60" HEIGHT="23" CONTENT="time" WC="1.00" CC="0000"/>
						<SP ID="P5_SP00536" HPOS="3436" VPOS="981" WIDTH="17"/>
						<String ID="P5_ST00662" HPOS="3453" VPOS="951" WIDTH="70" HEIGHT="30" CONTENT="bring" WC="1.00" CC="10000"/>
						<SP ID="P5_SP00537" HPOS="3523" VPOS="981" WIDTH="16"/>
						<String ID="P5_ST00663" HPOS="3539" VPOS="958" WIDTH="48" HEIGHT="22" CONTENT="any" WC="1.00" CC="000"/>
					</TextLine>
					<TextLine ID="P5_TL00127" HPOS="3046" VPOS="989" WIDTH="542" HEIGHT="31">
						<String ID="P5_ST00664" HPOS="3046" VPOS="989" WIDTH="137" HEIGHT="30" CONTENT="objections" WC="1.00" CC="0100100001"/>
						<SP ID="P5_SP00538" HPOS="3183" VPOS="1019" WIDTH="22"/>
						<String ID="P5_ST00665" HPOS="3205" VPOS="990" WIDTH="29" HEIGHT="23" CONTENT="he" WC="0.96" CC="11"/>
						<SP ID="P5_SP00539" HPOS="3234" VPOS="1019" WIDTH="23"/>
						<String ID="P5_ST00666" HPOS="3257" VPOS="990" WIDTH="76" HEIGHT="30" CONTENT="might" WC="1.00" CC="00000"/>
						<SP ID="P5_SP00540" HPOS="3333" VPOS="1020" WIDTH="23"/>
						<String ID="P5_ST00667" HPOS="3356" VPOS="990" WIDTH="63" HEIGHT="23" CONTENT="have" WC="1.00" CC="0100"/>
						<SP ID="P5_SP00541" HPOS="3419" VPOS="1020" WIDTH="21"/>
						<String ID="P5_ST00668" HPOS="3440" VPOS="994" WIDTH="26" HEIGHT="20" CONTENT="to" WC="1.00" CC="00"/>
						<SP ID="P5_SP00542" HPOS="3466" VPOS="1020" WIDTH="21"/>
						<String ID="P5_ST00669" HPOS="3487" VPOS="990" WIDTH="43" HEIGHT="23" CONTENT="the" WC="1.00" CC="001"/>
						<SP ID="P5_SP00543" HPOS="3530" VPOS="1020" WIDTH="21"/>
						<String ID="P5_ST00670" HPOS="3551" VPOS="997" WIDTH="25" HEIGHT="17" CONTENT="re" SUBS_TYPE="HypPart1" SUBS_CONTENT="report" WC="1.00" CC="01"/>
						<HYP HPOS="3576" VPOS="997" WIDTH="12" CONTENT="-"/>
					</TextLine>
					<TextLine ID="P5_TL00128" HPOS="3047" VPOS="1028" WIDTH="540" HEIGHT="30">
						<String ID="P5_ST00671" HPOS="3047" VPOS="1033" WIDTH="53" HEIGHT="25" CONTENT="port" SUBS_TYPE="HypPart2" SUBS_CONTENT="report" WC="1.00" CC="1101"/>
						<SP ID="P5_SP00544" HPOS="3100" VPOS="1058" WIDTH="21"/>
						<String ID="P5_ST00672" HPOS="3121" VPOS="1033" WIDTH="26" HEIGHT="19" CONTENT="to" WC="0.96" CC="01"/>
						<SP ID="P5_SP00545" HPOS="3147" VPOS="1058" WIDTH="19"/>
						<String ID="P5_ST00673" HPOS="3166" VPOS="1029" WIDTH="40" HEIGHT="23" CONTENT="the" WC="1.00" CC="010"/>
						<SP ID="P5_SP00546" HPOS="3206" VPOS="1058" WIDTH="21"/>
						<String ID="P5_ST00674" HPOS="3227" VPOS="1029" WIDTH="117" HEIGHT="23" CONTENT="attention" WC="1.00" CC="010101000"/>
						<SP ID="P5_SP00547" HPOS="3344" VPOS="1058" WIDTH="21"/>
						<String ID="P5_ST00675" HPOS="3365" VPOS="1028" WIDTH="29" HEIGHT="24" CONTENT="of" WC="1.00" CC="00"/>
						<SP ID="P5_SP00548" HPOS="3394" VPOS="1058" WIDTH="19"/>
						<String ID="P5_ST00676" HPOS="3413" VPOS="1028" WIDTH="40" HEIGHT="24" CONTENT="the" WC="1.00" CC="100"/>
						<SP ID="P5_SP00549" HPOS="3453" VPOS="1058" WIDTH="20"/>
						<String ID="P5_ST00677" HPOS="3473" VPOS="1028" WIDTH="98" HEIGHT="24" CONTENT="commit" SUBS_TYPE="HypPart1" SUBS_CONTENT="committee." WC="1.00" CC="100100"/>
						<HYP HPOS="3571" VPOS="1028" WIDTH="16" CONTENT="-"/>
					</TextLine>
					<TextLine ID="P5_TL00129" HPOS="3047" VPOS="1072" WIDTH="44" HEIGHT="19">
						<String ID="P5_ST00678" HPOS="3047" VPOS="1072" WIDTH="44" HEIGHT="19" CONTENT="tee." SUBS_TYPE="HypPart2" SUBS_CONTENT="committee." WC="1.00" CC="1000"/>
					</TextLine>
				</TextBlock>
				<TextBlock ID="P5_TB00010" HPOS="120" VPOS="1736" WIDTH="1707" HEIGHT="263" STYLEREFS="TXT_6 PAR_LEFT">
					<TextLine ID="P5_TL00130" HPOS="126" VPOS="1736" WIDTH="1683" HEIGHT="119">
						<String ID="P5_ST00679" HPOS="126" VPOS="1740" WIDTH="102" HEIGHT="96" CONTENT="LU" WC="0.98" CC="10"/>
						<SP ID="P5_SP00550" HPOS="228" VPOS="1836" WIDTH="66"/>
						<String ID="P5_ST00680" HPOS="294" VPOS="1740" WIDTH="276" HEIGHT="115" CONTENT="faculty" WC="1.00" CC="1001000"/>
						<SP ID="P5_SP00551" HPOS="570" VPOS="1855" WIDTH="66"/>
						<String ID="P5_ST00681" HPOS="636" VPOS="1747" WIDTH="420" HEIGHT="88" CONTENT="interviews" WC="1.00" CC="0100010000"/>
						<SP ID="P5_SP00552" HPOS="1056" VPOS="1855" WIDTH="61"/>
						<String ID="P5_ST00682" HPOS="1117" VPOS="1737" WIDTH="203" HEIGHT="94" CONTENT="aired" WC="1.00" CC="00000"/>
						<SP ID="P5_SP00553" HPOS="1320" VPOS="1855" WIDTH="68"/>
						<String ID="P5_ST00683" HPOS="1388" VPOS="1770" WIDTH="94" HEIGHT="61" CONTENT="on" WC="1.00" CC="00"/>
						<SP ID="P5_SP00554" HPOS="1482" VPOS="1855" WIDTH="66"/>
						<String ID="P5_ST00684" HPOS="1548" VPOS="1736" WIDTH="261" HEIGHT="97" CONTENT="WOLF" WC="1.00" CC="0000"/>
					</TextLine>
					<TextLine ID="P5_TL00131" HPOS="121" VPOS="1882" WIDTH="1706" HEIGHT="115">
						<String ID="P5_ST00685" HPOS="121" VPOS="1921" WIDTH="86" HEIGHT="61" CONTENT="as" WC="0.98" CC="01"/>
						<SP ID="P5_SP00555" HPOS="207" VPOS="1982" WIDTH="54"/>
						<String ID="P5_ST00686" HPOS="261" VPOS="1886" WIDTH="410" HEIGHT="94" CONTENT="'Education" WC="1.00" CC="9101000000"/>
						<SP ID="P5_SP00556" HPOS="671" VPOS="1982" WIDTH="54"/>
						<String ID="P5_ST00687" HPOS="725" VPOS="1884" WIDTH="248" HEIGHT="113" CONTENT="Today" WC="1.00" CC="00111"/>
						<String ID="P5_ST00688" HPOS="974" VPOS="1882" WIDTH="24" HEIGHT="29" CONTENT="," STYLE="superscript" WC="0.77" CC="2"/>
						<SP ID="P5_SP00557" HPOS="998" VPOS="1997" WIDTH="61"/>
						<String ID="P5_ST00689" HPOS="1059" VPOS="1914" WIDTH="337" HEIGHT="82" CONTENT="program" WC="1.00" CC="0011000"/>
						<SP ID="P5_SP00558" HPOS="1396" VPOS="1997" WIDTH="54"/>
						<String ID="P5_ST00690" HPOS="1450" VPOS="1889" WIDTH="377" HEIGHT="88" CONTENT="continues" WC="1.00" CC="000000101"/>
					</TextLine>
				</TextBlock>
				<TextBlock ID="P5_TB00011" HPOS="117" VPOS="2033" WIDTH="543" HEIGHT="491" STYLEREFS="TXT_4 PAR_BLOCK">
					<TextLine ID="P5_TL00132" HPOS="153" VPOS="2035" WIDTH="505" HEIGHT="31">
						<String ID="P5_ST00691" HPOS="153" VPOS="2037" WIDTH="154" HEIGHT="24" CONTENT='"Education' WC="1.00" CC="0100000000"/>
						<SP ID="P5_SP00559" HPOS="307" VPOS="2061" WIDTH="30"/>
						<String ID="P5_ST00692" HPOS="337" VPOS="2036" WIDTH="110" HEIGHT="30" CONTENT='Today,"' WC="1.00" CC="0000110"/>
						<SP ID="P5_SP00560" HPOS="447" VPOS="2066" WIDTH="30"/>
						<String ID="P5_ST00693" HPOS="477" VPOS="2044" WIDTH="12" HEIGHT="15" CONTENT="a" WC="1.00" CC="0"/>
						<SP ID="P5_SP00561" HPOS="489" VPOS="2066" WIDTH="34"/>
						<String ID="P5_ST00694" HPOS="523" VPOS="2035" WIDTH="135" HEIGHT="24" CONTENT="15-minute" WC="0.97" CC="001200001"/>
					</TextLine>
					<TextLine ID="P5_TL00133" HPOS="118" VPOS="2074" WIDTH="538" HEIGHT="33">
						<String ID="P5_ST00695" HPOS="118" VPOS="2084" WIDTH="116" HEIGHT="23" CONTENT="program" WC="1.00" CC="0001000"/>
						<SP ID="P5_SP00562" HPOS="234" VPOS="2107" WIDTH="36"/>
						<String ID="P5_ST00696" HPOS="270" VPOS="2076" WIDTH="123" HEIGHT="29" CONTENT="featuring" WC="1.00" CC="000000000"/>
						<SP ID="P5_SP00563" HPOS="393" VPOS="2107" WIDTH="34"/>
						<String ID="P5_ST00697" HPOS="427" VPOS="2075" WIDTH="137" HEIGHT="24" CONTENT="interviews" WC="1.00" CC="1000010101"/>
						<SP ID="P5_SP00564" HPOS="564" VPOS="2107" WIDTH="35"/>
						<String ID="P5_ST00698" HPOS="599" VPOS="2074" WIDTH="57" HEIGHT="23" CONTENT="with" WC="1.00" CC="0010"/>
					</TextLine>
					<TextLine ID="P5_TL00134" HPOS="118" VPOS="2112" WIDTH="539" HEIGHT="33">
						<String ID="P5_ST00699" HPOS="118" VPOS="2115" WIDTH="95" HEIGHT="30" CONTENT="Loyola" WC="1.00" CC="001000"/>
						<SP ID="P5_SP00565" HPOS="213" VPOS="2145" WIDTH="15"/>
						<String ID="P5_ST00700" HPOS="228" VPOS="2114" WIDTH="94" HEIGHT="30" CONTENT="faculty" WC="1.00" CC="1110001"/>
						<SP ID="P5_SP00566" HPOS="322" VPOS="2145" WIDTH="14"/>
						<String ID="P5_ST00701" HPOS="336" VPOS="2114" WIDTH="130" HEIGHT="26" CONTENT="members," WC="1.00" CC="01000011"/>
						<SP ID="P5_SP00567" HPOS="466" VPOS="2145" WIDTH="16"/>
						<String ID="P5_ST00702" HPOS="482" VPOS="2113" WIDTH="17" HEIGHT="23" CONTENT="is" WC="0.96" CC="11"/>
						<SP ID="P5_SP00568" HPOS="499" VPOS="2145" WIDTH="16"/>
						<String ID="P5_ST00703" HPOS="515" VPOS="2120" WIDTH="56" HEIGHT="16" CONTENT="now" WC="1.00" CC="000"/>
						<SP ID="P5_SP00569" HPOS="571" VPOS="2145" WIDTH="14"/>
						<String ID="P5_ST00704" HPOS="585" VPOS="2112" WIDTH="72" HEIGHT="30" CONTENT="being" WC="1.00" CC="11001"/>
					</TextLine>
					<TextLine ID="P5_TL00135" HPOS="118" VPOS="2152" WIDTH="538" HEIGHT="29">
						<String ID="P5_ST00705" HPOS="118" VPOS="2152" WIDTH="131" HEIGHT="27" CONTENT="broadcast" WC="1.00" CC="001000110"/>
						<SP ID="P5_SP00570" HPOS="249" VPOS="2179" WIDTH="21"/>
						<String ID="P5_ST00706" HPOS="270" VPOS="2153" WIDTH="70" HEIGHT="24" CONTENT="twice" WC="1.00" CC="01001"/>
						<SP ID="P5_SP00571" HPOS="340" VPOS="2179" WIDTH="21"/>
						<String ID="P5_ST00707" HPOS="361" VPOS="2152" WIDTH="93" HEIGHT="29" CONTENT="weekly" WC="1.00" CC="001100"/>
						<SP ID="P5_SP00572" HPOS="454" VPOS="2181" WIDTH="21"/>
						<String ID="P5_ST00708" HPOS="475" VPOS="2158" WIDTH="58" HEIGHT="17" CONTENT="over" WC="1.00" CC="0010"/>
						<SP ID="P5_SP00573" HPOS="533" VPOS="2181" WIDTH="21"/>
						<String ID="P5_ST00709" HPOS="554" VPOS="2158" WIDTH="102" HEIGHT="23" CONTENT="campus" WC="1.00" CC="000001"/>
					</TextLine>
					<TextLine ID="P5_TL00136" HPOS="119" VPOS="2191" WIDTH="286" HEIGHT="25">
						<String ID="P5_ST00710" HPOS="119" VPOS="2192" WIDTH="71" HEIGHT="24" CONTENT="radio" WC="1.00" CC="00000"/>
						<SP ID="P5_SP00574" HPOS="190" VPOS="2216" WIDTH="10"/>
						<String ID="P5_ST00711" HPOS="200" VPOS="2192" WIDTH="89" HEIGHT="23" CONTENT="station" WC="1.00" CC="1000110"/>
						<SP ID="P5_SP00575" HPOS="289" VPOS="2216" WIDTH="12"/>
						<String ID="P5_ST00712" HPOS="301" VPOS="2191" WIDTH="104" HEIGHT="24" CONTENT="WOLF." WC="1.00" CC="00000"/>
					</TextLine>
					<TextLine ID="P5_TL00137" HPOS="151" VPOS="2235" WIDTH="504" HEIGHT="32">
						<String ID="P5_ST00713" HPOS="151" VPOS="2237" WIDTH="52" HEIGHT="24" CONTENT="The" WC="1.00" CC="000"/>
						<SP ID="P5_SP00576" HPOS="203" VPOS="2261" WIDTH="17"/>
						<String ID="P5_ST00714" HPOS="220" VPOS="2244" WIDTH="115" HEIGHT="23" CONTENT="program" WC="1.00" CC="0000101"/>
						<SP ID="P5_SP00577" HPOS="335" VPOS="2267" WIDTH="18"/>
						<String ID="P5_ST00715" HPOS="353" VPOS="2237" WIDTH="19" HEIGHT="23" CONTENT="is" WC="0.98" CC="01"/>
						<SP ID="P5_SP00578" HPOS="372" VPOS="2267" WIDTH="16"/>
						<String ID="P5_ST00716" HPOS="388" VPOS="2236" WIDTH="116" HEIGHT="29" CONTENT="designed" WC="1.00" CC="00101100"/>
						<SP ID="P5_SP00579" HPOS="504" VPOS="2267" WIDTH="17"/>
						<String ID="P5_ST00717" HPOS="521" VPOS="2239" WIDTH="26" HEIGHT="19" CONTENT="to" WC="1.00" CC="00"/>
						<SP ID="P5_SP00580" HPOS="547" VPOS="2267" WIDTH="17"/>
						<String ID="P5_ST00718" HPOS="564" VPOS="2235" WIDTH="34" HEIGHT="23" CONTENT="air" WC="1.00" CC="001"/>
						<SP ID="P5_SP00581" HPOS="598" VPOS="2267" WIDTH="17"/>
						<String ID="P5_ST00719" HPOS="615" VPOS="2235" WIDTH="40" HEIGHT="23" CONTENT="the" WC="1.00" CC="000"/>
					</TextLine>
					<TextLine ID="P5_TL00138" HPOS="118" VPOS="2274" WIDTH="538" HEIGHT="30">
						<String ID="P5_ST00720" HPOS="118" VPOS="2277" WIDTH="73" HEIGHT="23" CONTENT="views" WC="1.00" CC="00010"/>
						<SP ID="P5_SP00582" HPOS="191" VPOS="2300" WIDTH="15"/>
						<String ID="P5_ST00721" HPOS="206" VPOS="2276" WIDTH="48" HEIGHT="23" CONTENT="and" WC="1.00" CC="000"/>
						<SP ID="P5_SP00583" HPOS="254" VPOS="2300" WIDTH="14"/>
						<String ID="P5_ST00722" HPOS="268" VPOS="2276" WIDTH="68" HEIGHT="23" CONTENT="ideas" WC="1.00" CC="00000"/>
						<SP ID="P5_SP00584" HPOS="336" VPOS="2300" WIDTH="14"/>
						<String ID="P5_ST00723" HPOS="350" VPOS="2275" WIDTH="28" HEIGHT="23" CONTENT="of" WC="1.00" CC="00"/>
						<SP ID="P5_SP00585" HPOS="378" VPOS="2300" WIDTH="14"/>
						<String ID="P5_ST00724" HPOS="392" VPOS="2275" WIDTH="40" HEIGHT="23" CONTENT="the" WC="1.00" CC="000"/>
						<SP ID="P5_SP00586" HPOS="432" VPOS="2300" WIDTH="15"/>
						<String ID="P5_ST00725" HPOS="447" VPOS="2274" WIDTH="94" HEIGHT="30" CONTENT="faculty" WC="1.00" CC="0000000"/>
						<SP ID="P5_SP00587" HPOS="541" VPOS="2304" WIDTH="14"/>
						<String ID="P5_ST00726" HPOS="555" VPOS="2281" WIDTH="32" HEIGHT="16" CONTENT="on" WC="1.00" CC="00"/>
						<SP ID="P5_SP00588" HPOS="587" VPOS="2304" WIDTH="16"/>
						<String ID="P5_ST00727" HPOS="603" VPOS="2278" WIDTH="40" HEIGHT="25" CONTENT="top" SUBS_TYPE="HypPart1" SUBS_CONTENT="topics" WC="1.00" CC="000"/>
						<HYP HPOS="643" VPOS="2278" WIDTH="13" CONTENT="-"/>
					</TextLine>
					<TextLine ID="P5_TL00139" HPOS="118" VPOS="2312" WIDTH="536" HEIGHT="31">
						<String ID="P5_ST00728" HPOS="118" VPOS="2316" WIDTH="33" HEIGHT="23" CONTENT="ics" SUBS_TYPE="HypPart2" SUBS_CONTENT="topics" WC="1.00" CC="001"/>
						<SP ID="P5_SP00589" HPOS="151" VPOS="2339" WIDTH="21"/>
						<String ID="P5_ST00729" HPOS="172" VPOS="2315" WIDTH="28" HEIGHT="23" CONTENT="of" WC="1.00" CC="00"/>
						<SP ID="P5_SP00590" HPOS="200" VPOS="2339" WIDTH="19"/>
						<String ID="P5_ST00730" HPOS="219" VPOS="2315" WIDTH="41" HEIGHT="23" CONTENT="the" WC="1.00" CC="010"/>
						<SP ID="P5_SP00591" HPOS="260" VPOS="2339" WIDTH="21"/>
						<String ID="P5_ST00731" HPOS="281" VPOS="2314" WIDTH="55" HEIGHT="29" CONTENT="day," WC="1.00" CC="0001"/>
						<SP ID="P5_SP00592" HPOS="336" VPOS="2343" WIDTH="23"/>
						<String ID="P5_ST00732" HPOS="359" VPOS="2313" WIDTH="132" HEIGHT="29" CONTENT="according" WC="1.00" CC="000000011"/>
						<SP ID="P5_SP00593" HPOS="491" VPOS="2343" WIDTH="21"/>
						<String ID="P5_ST00733" HPOS="512" VPOS="2317" WIDTH="25" HEIGHT="19" CONTENT="to" WC="1.00" CC="00"/>
						<SP ID="P5_SP00594" HPOS="537" VPOS="2343" WIDTH="22"/>
						<String ID="P5_ST00734" HPOS="559" VPOS="2312" WIDTH="95" HEIGHT="23" CONTENT="WOLF" WC="1.00" CC="0000"/>
					</TextLine>
					<TextLine ID="P5_TL00140" HPOS="117" VPOS="2351" WIDTH="537" HEIGHT="32">
						<String ID="P5_ST00735" HPOS="117" VPOS="2360" WIDTH="115" HEIGHT="23" CONTENT="program" WC="1.00" CC="0000000"/>
						<SP ID="P5_SP00595" HPOS="232" VPOS="2383" WIDTH="23"/>
						<String ID="P5_ST00736" HPOS="255" VPOS="2353" WIDTH="106" HEIGHT="23" CONTENT="director" WC="1.00" CC="11000000"/>
						<SP ID="P5_SP00596" HPOS="361" VPOS="2383" WIDTH="22"/>
						<String ID="P5_ST00737" HPOS="383" VPOS="2351" WIDTH="53" HEIGHT="24" CONTENT="Jeff" WC="1.00" CC="0001"/>
						<SP ID="P5_SP00597" HPOS="436" VPOS="2383" WIDTH="22"/>
						<String ID="P5_ST00738" HPOS="458" VPOS="2351" WIDTH="110" HEIGHT="24" CONTENT="Sinclair." WC="1.00" CC="000000000"/>
						<SP ID="P5_SP00598" HPOS="568" VPOS="2383" WIDTH="25"/>
						<String ID="P5_ST00739" HPOS="593" VPOS="2351" WIDTH="20" HEIGHT="23" CONTENT="It" WC="1.00" CC="00"/>
						<SP ID="P5_SP00599" HPOS="613" VPOS="2383" WIDTH="24"/>
						<String ID="P5_ST00740" HPOS="637" VPOS="2351" WIDTH="17" HEIGHT="22" CONTENT="is" WC="1.00" CC="00"/>
					</TextLine>
					<TextLine ID="P5_TL00141" HPOS="117" VPOS="2389" WIDTH="536" HEIGHT="31">
						<String ID="P5_ST00741" HPOS="117" VPOS="2392" WIDTH="130" HEIGHT="24" CONTENT="broadcast" WC="1.00" CC="000000010"/>
						<SP ID="P5_SP00600" HPOS="247" VPOS="2416" WIDTH="21"/>
						<String ID="P5_ST00742" HPOS="268" VPOS="2395" WIDTH="25" HEIGHT="20" CONTENT="at" WC="1.00" CC="00"/>
						<SP ID="P5_SP00601" HPOS="293" VPOS="2416" WIDTH="21"/>
						<String ID="P5_ST00743" HPOS="314" VPOS="2391" WIDTH="58" HEIGHT="23" CONTENT="7:30" WC="0.99" CC="0010"/>
						<SP ID="P5_SP00602" HPOS="372" VPOS="2416" WIDTH="22"/>
						<String ID="P5_ST00744" HPOS="394" VPOS="2397" WIDTH="58" HEIGHT="23" CONTENT="p.m." WC="1.00" CC="0010"/>
						<SP ID="P5_SP00603" HPOS="452" VPOS="2420" WIDTH="23"/>
						<String ID="P5_ST00745" HPOS="475" VPOS="2397" WIDTH="32" HEIGHT="16" CONTENT="on" WC="1.00" CC="00"/>
						<SP ID="P5_SP00604" HPOS="507" VPOS="2420" WIDTH="23"/>
						<String ID="P5_ST00746" HPOS="530" VPOS="2389" WIDTH="123" HEIGHT="29" CONTENT="Mondays" WC="1.00" CC="0000001"/>
					</TextLine>
					<TextLine ID="P5_TL00142" HPOS="118" VPOS="2431" WIDTH="170" HEIGHT="28">
						<String ID="P5_ST00747" HPOS="118" VPOS="2431" WIDTH="50" HEIGHT="24" CONTENT="and" WC="1.00" CC="011"/>
						<SP ID="P5_SP00605" HPOS="168" VPOS="2455" WIDTH="11"/>
						<String ID="P5_ST00748" HPOS="179" VPOS="2431" WIDTH="109" HEIGHT="28" CONTENT="Fridays." WC="1.00" CC="00001110"/>
					</TextLine>
					<TextLine ID="P5_TL00143" HPOS="149" VPOS="2466" WIDTH="505" HEIGHT="33">
						<String ID="P5_ST00749" HPOS="149" VPOS="2469" WIDTH="53" HEIGHT="24" CONTENT="The" WC="1.00" CC="001"/>
						<SP ID="P5_SP00606" HPOS="202" VPOS="2493" WIDTH="40"/>
						<String ID="P5_ST00750" HPOS="242" VPOS="2475" WIDTH="115" HEIGHT="24" CONTENT="program" WC="1.00" CC="0000000"/>
						<SP ID="P5_SP00607" HPOS="357" VPOS="2499" WIDTH="41"/>
						<String ID="P5_ST00751" HPOS="398" VPOS="2468" WIDTH="18" HEIGHT="23" CONTENT="is" WC="0.96" CC="01"/>
						<SP ID="P5_SP00608" HPOS="416" VPOS="2499" WIDTH="40"/>
						<String ID="P5_ST00752" HPOS="456" VPOS="2467" WIDTH="126" HEIGHT="30" CONTENT="produced" WC="1.00" CC="00010011"/>
						<SP ID="P5_SP00609" HPOS="582" VPOS="2499" WIDTH="41"/>
						<String ID="P5_ST00753" HPOS="623" VPOS="2466" WIDTH="31" HEIGHT="29" CONTENT="by" WC="1.00" CC="00"/>
					</TextLine>
				</TextBlock>
				<TextBlock ID="P5_TB00012" HPOS="693" VPOS="2030" WIDTH="552" HEIGHT="495" STYLEREFS="TXT_4 PAR_LEFT">
					<TextLine ID="P5_TL00144" HPOS="700" VPOS="2033" WIDTH="540" HEIGHT="29">
						<String ID="P5_ST00754" HPOS="700" VPOS="2035" WIDTH="103" HEIGHT="22" CONTENT="Charles" WC="1.00" CC="0000100"/>
						<SP ID="P5_SP00610" HPOS="803" VPOS="2057" WIDTH="15"/>
						<String ID="P5_ST00755" HPOS="818" VPOS="2035" WIDTH="27" HEIGHT="22" CONTENT="R." WC="1.00" CC="00"/>
						<SP ID="P5_SP00611" HPOS="845" VPOS="2057" WIDTH="17"/>
						<String ID="P5_ST00756" HPOS="862" VPOS="2035" WIDTH="121" HEIGHT="24" CONTENT="Brennan," WC="0.99" CC="01000001"/>
						<SP ID="P5_SP00612" HPOS="983" VPOS="2059" WIDTH="14"/>
						<String ID="P5_ST00757" HPOS="997" VPOS="2033" WIDTH="107" HEIGHT="23" CONTENT="director" WC="1.00" CC="00000000"/>
						<SP ID="P5_SP00613" HPOS="1104" VPOS="2059" WIDTH="13"/>
						<String ID="P5_ST00758" HPOS="1117" VPOS="2033" WIDTH="28" HEIGHT="23" CONTENT="of" WC="1.00" CC="00"/>
						<SP ID="P5_SP00614" HPOS="1145" VPOS="2059" WIDTH="13"/>
						<String ID="P5_ST00759" HPOS="1158" VPOS="2033" WIDTH="82" HEIGHT="29" CONTENT="public" WC="1.00" CC="000001"/>
					</TextLine>
					<TextLine ID="P5_TL00145" HPOS="701" VPOS="2073" WIDTH="122" HEIGHT="23">
						<String ID="P5_ST00760" HPOS="701" VPOS="2073" WIDTH="122" HEIGHT="23" CONTENT="relations." WC="1.00" CC="0100000100"/>
					</TextLine>
					<TextLine ID="P5_TL00146" HPOS="736" VPOS="2109" WIDTH="505" HEIGHT="31">
						<String ID="P5_ST00761" HPOS="736" VPOS="2111" WIDTH="101" HEIGHT="29" CONTENT="Faculty" WC="1.00" CC="0010100"/>
						<SP ID="P5_SP00615" HPOS="837" VPOS="2140" WIDTH="24"/>
						<String ID="P5_ST00762" HPOS="861" VPOS="2110" WIDTH="122" HEIGHT="23" CONTENT="members" WC="1.00" CC="1001101"/>
						<SP ID="P5_SP00616" HPOS="983" VPOS="2140" WIDTH="23"/>
						<String ID="P5_ST00763" HPOS="1006" VPOS="2110" WIDTH="49" HEIGHT="23" CONTENT="and" WC="1.00" CC="100"/>
						<SP ID="P5_SP00617" HPOS="1055" VPOS="2140" WIDTH="23"/>
						<String ID="P5_ST00764" HPOS="1078" VPOS="2110" WIDTH="61" HEIGHT="23" CONTENT="their" WC="1.00" CC="00000"/>
						<SP ID="P5_SP00618" HPOS="1139" VPOS="2140" WIDTH="24"/>
						<String ID="P5_ST00765" HPOS="1163" VPOS="2109" WIDTH="78" HEIGHT="30" CONTENT="topics" WC="1.00" CC="000011"/>
					</TextLine>
					<TextLine ID="P5_TL00147" HPOS="699" VPOS="2149" WIDTH="542" HEIGHT="30">
						<String ID="P5_ST00766" HPOS="699" VPOS="2150" WIDTH="132" HEIGHT="23" CONTENT="scheduled" WC="1.00" CC="201000010"/>
						<SP ID="P5_SP00619" HPOS="831" VPOS="2173" WIDTH="28"/>
						<String ID="P5_ST00767" HPOS="859" VPOS="2149" WIDTH="39" HEIGHT="24" CONTENT="for" WC="1.00" CC="000"/>
						<SP ID="P5_SP00620" HPOS="898" VPOS="2173" WIDTH="25"/>
						<String ID="P5_ST00768" HPOS="923" VPOS="2149" WIDTH="100" HEIGHT="30" CONTENT="coming" WC="1.00" CC="001000"/>
						<SP ID="P5_SP00621" HPOS="1023" VPOS="2179" WIDTH="27"/>
						<String ID="P5_ST00769" HPOS="1050" VPOS="2155" WIDTH="128" HEIGHT="23" CONTENT="programs" WC="1.00" CC="00010100"/>
						<SP ID="P5_SP00622" HPOS="1178" VPOS="2179" WIDTH="28"/>
						<String ID="P5_ST00770" HPOS="1206" VPOS="2149" WIDTH="24" HEIGHT="22" CONTENT="in" SUBS_TYPE="HypPart1" SUBS_CONTENT="include:" WC="1.00" CC="11"/>
						<HYP HPOS="1230" VPOS="2149" WIDTH="11" CONTENT="-"/>
					</TextLine>
					<TextLine ID="P5_TL00148" HPOS="699" VPOS="2187" WIDTH="543" HEIGHT="26">
						<String ID="P5_ST00771" HPOS="699" VPOS="2188" WIDTH="80" HEIGHT="23" CONTENT="clude:" SUBS_TYPE="HypPart2" SUBS_CONTENT="include:" WC="1.00" CC="000000"/>
						<SP ID="P5_SP00623" HPOS="779" VPOS="2211" WIDTH="22"/>
						<String ID="P5_ST00772" HPOS="801" VPOS="2188" WIDTH="84" HEIGHT="23" CONTENT="Miller" WC="1.00" CC="010000"/>
						<SP ID="P5_SP00624" HPOS="885" VPOS="2211" WIDTH="21"/>
						<String ID="P5_ST00773" HPOS="906" VPOS="2187" WIDTH="128" HEIGHT="26" CONTENT="Williams," WC="1.00" CC="000000111"/>
						<SP ID="P5_SP00625" HPOS="1034" VPOS="2213" WIDTH="22"/>
						<String ID="P5_ST00774" HPOS="1056" VPOS="2188" WIDTH="78" HEIGHT="22" CONTENT='"New' WC="1.00" CC="0000"/>
						<SP ID="P5_SP00626" HPOS="1134" VPOS="2213" WIDTH="22"/>
						<String ID="P5_ST00775" HPOS="1156" VPOS="2187" WIDTH="72" HEIGHT="23" CONTENT="Direc" SUBS_TYPE="HypPart1" SUBS_CONTENT="Directions" WC="1.00" CC="01000"/>
						<HYP HPOS="1228" VPOS="2187" WIDTH="14" CONTENT="-"/>
					</TextLine>
					<TextLine ID="P5_TL00149" HPOS="699" VPOS="2225" WIDTH="540" HEIGHT="30">
						<String ID="P5_ST00776" HPOS="699" VPOS="2227" WIDTH="63" HEIGHT="22" CONTENT="tions" SUBS_TYPE="HypPart2" SUBS_CONTENT="Directions" WC="1.00" CC="10101"/>
						<SP ID="P5_SP00627" HPOS="762" VPOS="2249" WIDTH="22"/>
						<String ID="P5_ST00777" HPOS="784" VPOS="2226" WIDTH="24" HEIGHT="23" CONTENT="in" WC="1.00" CC="00"/>
						<SP ID="P5_SP00628" HPOS="808" VPOS="2249" WIDTH="22"/>
						<String ID="P5_ST00778" HPOS="830" VPOS="2226" WIDTH="114" HEIGHT="29" CONTENT='Poetry";' WC="1.00" CC="01100000"/>
						<SP ID="P5_SP00629" HPOS="944" VPOS="2255" WIDTH="21"/>
						<String ID="P5_ST00779" HPOS="965" VPOS="2226" WIDTH="167" HEIGHT="23" CONTENT="Constantino" WC="1.00" CC="00010000100"/>
						<SP ID="P5_SP00630" HPOS="1132" VPOS="2255" WIDTH="21"/>
						<String ID="P5_ST00780" HPOS="1153" VPOS="2225" WIDTH="86" HEIGHT="26" CONTENT="Ghini," WC="0.98" CC="001011"/>
					</TextLine>
					<TextLine ID="P5_TL00150" HPOS="699" VPOS="2264" WIDTH="541" HEIGHT="29">
						<String ID="P5_ST00781" HPOS="699" VPOS="2265" WIDTH="228" HEIGHT="23" CONTENT='"Inter-American' WC="1.00" CC="000000100000000"/>
						<SP ID="P5_SP00631" HPOS="927" VPOS="2288" WIDTH="26"/>
						<String ID="P5_ST00782" HPOS="953" VPOS="2264" WIDTH="101" HEIGHT="24" CONTENT="Center:" WC="1.00" CC="0000001"/>
						<SP ID="P5_SP00632" HPOS="1054" VPOS="2288" WIDTH="29"/>
						<String ID="P5_ST00783" HPOS="1083" VPOS="2264" WIDTH="157" HEIGHT="29" CONTENT="Partnership" WC="1.00" CC="00000001000"/>
					</TextLine>
					<TextLine ID="P5_TL00151" HPOS="699" VPOS="2303" WIDTH="540" HEIGHT="30">
						<String ID="P5_ST00784" HPOS="699" VPOS="2303" WIDTH="39" HEIGHT="23" CONTENT="for" WC="1.00" CC="001"/>
						<SP ID="P5_SP00633" HPOS="738" VPOS="2326" WIDTH="15"/>
						<String ID="P5_ST00785" HPOS="753" VPOS="2303" WIDTH="138" HEIGHT="30" CONTENT='Progress";' WC="1.00" CC="1000001100"/>
						<SP ID="P5_SP00634" HPOS="891" VPOS="2333" WIDTH="14"/>
						<String ID="P5_ST00786" HPOS="905" VPOS="2303" WIDTH="40" HEIGHT="23" CONTENT="the" WC="1.00" CC="000"/>
						<SP ID="P5_SP00635" HPOS="945" VPOS="2333" WIDTH="15"/>
						<String ID="P5_ST00787" HPOS="960" VPOS="2303" WIDTH="58" HEIGHT="23" CONTENT="Rev." WC="1.00" CC="0100"/>
						<SP ID="P5_SP00636" HPOS="1018" VPOS="2333" WIDTH="16"/>
						<String ID="P5_ST00788" HPOS="1034" VPOS="2303" WIDTH="90" HEIGHT="29" CONTENT="Joseph" WC="1.00" CC="001000"/>
						<SP ID="P5_SP00637" HPOS="1124" VPOS="2333" WIDTH="16"/>
						<String ID="P5_ST00789" HPOS="1140" VPOS="2303" WIDTH="26" HEIGHT="23" CONTENT="B." WC="1.00" CC="00"/>
						<SP ID="P5_SP00638" HPOS="1166" VPOS="2333" WIDTH="14"/>
						<String ID="P5_ST00790" HPOS="1180" VPOS="2303" WIDTH="45" HEIGHT="23" CONTENT="Tre" SUBS_TYPE="HypPart1" SUBS_CONTENT="Tremonti," WC="0.99" CC="000"/>
						<HYP HPOS="1225" VPOS="2303" WIDTH="14" CONTENT="-"/>
					</TextLine>
					<TextLine ID="P5_TL00152" HPOS="699" VPOS="2341" WIDTH="540" HEIGHT="29">
						<String ID="P5_ST00791" HPOS="699" VPOS="2341" WIDTH="85" HEIGHT="25" CONTENT="monti," SUBS_TYPE="HypPart2" SUBS_CONTENT="Tremonti," WC="0.99" CC="000001"/>
						<SP ID="P5_SP00639" HPOS="784" VPOS="2366" WIDTH="18"/>
						<String ID="P5_ST00792" HPOS="802" VPOS="2341" WIDTH="96" HEIGHT="26" CONTENT="C.S.V.," WC="0.99" CC="0010000"/>
						<SP ID="P5_SP00640" HPOS="898" VPOS="2367" WIDTH="19"/>
						<String ID="P5_ST00793" HPOS="917" VPOS="2341" WIDTH="68" HEIGHT="24" CONTENT='"The' WC="1.00" CC="0001"/>
						<SP ID="P5_SP00641" HPOS="985" VPOS="2367" WIDTH="16"/>
						<String ID="P5_ST00794" HPOS="1001" VPOS="2341" WIDTH="136" HEIGHT="29" CONTENT="Challenge" WC="1.00" CC="000201000"/>
						<SP ID="P5_SP00642" HPOS="1137" VPOS="2370" WIDTH="18"/>
						<String ID="P5_ST00795" HPOS="1155" VPOS="2341" WIDTH="27" HEIGHT="23" CONTENT="of" WC="1.00" CC="00"/>
						<SP ID="P5_SP00643" HPOS="1182" VPOS="2370" WIDTH="17"/>
						<String ID="P5_ST00796" HPOS="1199" VPOS="2341" WIDTH="40" HEIGHT="23" CONTENT="the" WC="1.00" CC="000"/>
					</TextLine>
					<TextLine ID="P5_TL00153" HPOS="697" VPOS="2379" WIDTH="540" HEIGHT="30">
						<String ID="P5_ST00797" HPOS="697" VPOS="2380" WIDTH="139" HEIGHT="29" CONTENT="Culturally" WC="1.00" CC="0000000001"/>
						<SP ID="P5_SP00644" HPOS="836" VPOS="2409" WIDTH="16"/>
						<String ID="P5_ST00798" HPOS="852" VPOS="2380" WIDTH="126" HEIGHT="29" CONTENT="Deprived" WC="1.00" CC="01000000"/>
						<SP ID="P5_SP00645" HPOS="978" VPOS="2409" WIDTH="16"/>
						<String ID="P5_ST00799" HPOS="994" VPOS="2379" WIDTH="100" HEIGHT="27" CONTENT='Child";' WC="1.00" CC="0001001"/>
						<SP ID="P5_SP00646" HPOS="1094" VPOS="2409" WIDTH="18"/>
						<String ID="P5_ST00800" HPOS="1112" VPOS="2379" WIDTH="81" HEIGHT="30" CONTENT="Ralph" WC="1.00" CC="00000"/>
						<SP ID="P5_SP00647" HPOS="1193" VPOS="2409" WIDTH="16"/>
						<String ID="P5_ST00801" HPOS="1209" VPOS="2380" WIDTH="28" HEIGHT="23" CONTENT="T." WC="1.00" CC="00"/>
					</TextLine>
					<TextLine ID="P5_TL00154" HPOS="698" VPOS="2418" WIDTH="541" HEIGHT="27">
						<String ID="P5_ST00802" HPOS="698" VPOS="2418" WIDTH="60" HEIGHT="26" CONTENT="Bell," WC="1.00" CC="00000"/>
						<SP ID="P5_SP00648" HPOS="758" VPOS="2444" WIDTH="22"/>
						<String ID="P5_ST00803" HPOS="780" VPOS="2418" WIDTH="164" HEIGHT="23" CONTENT='"Journalism' WC="1.00" CC="00000000111"/>
						<SP ID="P5_SP00649" HPOS="944" VPOS="2444" WIDTH="22"/>
						<String ID="P5_ST00804" HPOS="966" VPOS="2418" WIDTH="40" HEIGHT="23" CONTENT="for" WC="1.00" CC="000"/>
						<SP ID="P5_SP00650" HPOS="1006" VPOS="2444" WIDTH="21"/>
						<String ID="P5_ST00805" HPOS="1027" VPOS="2418" WIDTH="41" HEIGHT="24" CONTENT="the" WC="1.00" CC="001"/>
						<SP ID="P5_SP00651" HPOS="1068" VPOS="2444" WIDTH="22"/>
						<String ID="P5_ST00806" HPOS="1090" VPOS="2418" WIDTH="149" HEIGHT="27" CONTENT='Seventies";' WC="1.00" CC="10000010100"/>
					</TextLine>
					<TextLine ID="P5_TL00155" HPOS="698" VPOS="2456" WIDTH="541" HEIGHT="26">
						<String ID="P5_ST00807" HPOS="698" VPOS="2456" WIDTH="67" HEIGHT="23" CONTENT="Felix" WC="1.00" CC="00001"/>
						<SP ID="P5_SP00652" HPOS="765" VPOS="2479" WIDTH="15"/>
						<String ID="P5_ST00808" HPOS="780" VPOS="2456" WIDTH="29" HEIGHT="24" CONTENT="C." WC="1.00" CC="00"/>
						<SP ID="P5_SP00653" HPOS="809" VPOS="2480" WIDTH="17"/>
						<String ID="P5_ST00809" HPOS="826" VPOS="2456" WIDTH="133" HEIGHT="26" CONTENT="Guilbeau," WC="1.00" CC="000000001"/>
						<SP ID="P5_SP00654" HPOS="959" VPOS="2482" WIDTH="17"/>
						<String ID="P5_ST00810" HPOS="976" VPOS="2456" WIDTH="68" HEIGHT="24" CONTENT='"The' WC="1.00" CC="0000"/>
						<SP ID="P5_SP00655" HPOS="1044" VPOS="2482" WIDTH="14"/>
						<String ID="P5_ST00811" HPOS="1058" VPOS="2457" WIDTH="48" HEIGHT="23" CONTENT="Art" WC="1.00" CC="001"/>
						<SP ID="P5_SP00656" HPOS="1106" VPOS="2482" WIDTH="15"/>
						<String ID="P5_ST00812" HPOS="1121" VPOS="2456" WIDTH="29" HEIGHT="24" CONTENT="of" WC="0.98" CC="01"/>
						<SP ID="P5_SP00657" HPOS="1150" VPOS="2482" WIDTH="15"/>
						<String ID="P5_ST00813" HPOS="1165" VPOS="2457" WIDTH="56" HEIGHT="23" CONTENT="Man" SUBS_TYPE="HypPart1" SUBS_CONTENT='Management";' WC="1.00" CC="100"/>
						<HYP HPOS="1221" VPOS="2457" WIDTH="18" CONTENT="-"/>
					</TextLine>
					<TextLine ID="P5_TL00156" HPOS="698" VPOS="2494" WIDTH="540" HEIGHT="30">
						<String ID="P5_ST00814" HPOS="698" VPOS="2494" WIDTH="138" HEIGHT="30" CONTENT='agement";' SUBS_TYPE="HypPart2" SUBS_CONTENT='Management";' WC="1.00" CC="011100001"/>
						<SP ID="P5_SP00658" HPOS="836" VPOS="2524" WIDTH="14"/>
						<String ID="P5_ST00815" HPOS="850" VPOS="2495" WIDTH="48" HEIGHT="22" CONTENT="and" WC="1.00" CC="000"/>
						<SP ID="P5_SP00659" HPOS="898" VPOS="2524" WIDTH="14"/>
						<String ID="P5_ST00816" HPOS="912" VPOS="2495" WIDTH="44" HEIGHT="23" CONTENT="Dr." WC="1.00" CC="000"/>
						<SP ID="P5_SP00660" HPOS="956" VPOS="2524" WIDTH="14"/>
						<String ID="P5_ST00817" HPOS="970" VPOS="2495" WIDTH="65" HEIGHT="23" CONTENT="John" WC="1.00" CC="0100"/>
						<SP ID="P5_SP00661" HPOS="1035" VPOS="2524" WIDTH="14"/>
						<String ID="P5_ST00818" HPOS="1049" VPOS="2495" WIDTH="94" HEIGHT="26" CONTENT="Simon," WC="1.00" CC="000100"/>
						<SP ID="P5_SP00662" HPOS="1143" VPOS="2524" WIDTH="14"/>
						<String ID="P5_ST00819" HPOS="1157" VPOS="2495" WIDTH="81" HEIGHT="23" CONTENT='"How' WC="1.00" CC="0000"/>
					</TextLine>
				</TextBlock>
				<TextBlock ID="P5_TB00013" HPOS="1279" VPOS="2030" WIDTH="550" HEIGHT="493" STYLEREFS="TXT_4 PAR_BLOCK">
					<TextLine ID="P5_TL00157" HPOS="1286" VPOS="2032" WIDTH="469" HEIGHT="30">
						<String ID="P5_ST00820" HPOS="1286" VPOS="2033" WIDTH="54" HEIGHT="23" CONTENT="Can" WC="1.00" CC="011"/>
						<SP ID="P5_SP00663" HPOS="1340" VPOS="2056" WIDTH="12"/>
						<String ID="P5_ST00821" HPOS="1352" VPOS="2033" WIDTH="99" HEIGHT="29" CONTENT="Johnny" WC="1.00" CC="100001"/>
						<SP ID="P5_SP00664" HPOS="1451" VPOS="2062" WIDTH="13"/>
						<String ID="P5_ST00822" HPOS="1464" VPOS="2032" WIDTH="71" HEIGHT="24" CONTENT="Have" WC="1.00" CC="0000"/>
						<SP ID="P5_SP00665" HPOS="1535" VPOS="2062" WIDTH="12"/>
						<String ID="P5_ST00823" HPOS="1547" VPOS="2032" WIDTH="89" HEIGHT="30" CONTENT="Strong" WC="1.00" CC="000000"/>
						<SP ID="P5_SP00666" HPOS="1636" VPOS="2062" WIDTH="11"/>
						<String ID="P5_ST00824" HPOS="1647" VPOS="2032" WIDTH="108" HEIGHT="23" CONTENT='Teeth?"' WC="1.00" CC="0001000"/>
					</TextLine>
					<TextLine ID="P5_TL00158" HPOS="1319" VPOS="2070" WIDTH="509" HEIGHT="30">
						<String ID="P5_ST00825" HPOS="1319" VPOS="2071" WIDTH="52" HEIGHT="24" CONTENT="The" WC="1.00" CC="000"/>
						<SP ID="P5_SP00667" HPOS="1371" VPOS="2095" WIDTH="20"/>
						<String ID="P5_ST00826" HPOS="1391" VPOS="2071" WIDTH="71" HEIGHT="24" CONTENT="radio" WC="1.00" CC="01001"/>
						<SP ID="P5_SP00668" HPOS="1462" VPOS="2095" WIDTH="18"/>
						<String ID="P5_ST00827" HPOS="1480" VPOS="2071" WIDTH="73" HEIGHT="24" CONTENT="series" WC="1.00" CC="000001"/>
						<SP ID="P5_SP00669" HPOS="1553" VPOS="2095" WIDTH="19"/>
						<String ID="P5_ST00828" HPOS="1572" VPOS="2071" WIDTH="19" HEIGHT="23" CONTENT="is" WC="0.94" CC="11"/>
						<SP ID="P5_SP00670" HPOS="1591" VPOS="2095" WIDTH="20"/>
						<String ID="P5_ST00829" HPOS="1611" VPOS="2071" WIDTH="51" HEIGHT="23" CONTENT="also" WC="1.00" CC="0010"/>
						<SP ID="P5_SP00671" HPOS="1662" VPOS="2095" WIDTH="19"/>
						<String ID="P5_ST00830" HPOS="1681" VPOS="2071" WIDTH="96" HEIGHT="23" CONTENT="carried" WC="1.00" CC="0000000"/>
						<SP ID="P5_SP00672" HPOS="1777" VPOS="2095" WIDTH="21"/>
						<String ID="P5_ST00831" HPOS="1798" VPOS="2070" WIDTH="30" HEIGHT="30" CONTENT="by" WC="0.98" CC="10"/>
					</TextLine>
					<TextLine ID="P5_TL00159" HPOS="1285" VPOS="2110" WIDTH="543" HEIGHT="24">
						<String ID="P5_ST00832" HPOS="1285" VPOS="2118" WIDTH="14" HEIGHT="16" CONTENT="a" WC="1.00" CC="0"/>
						<SP ID="P5_SP00673" HPOS="1299" VPOS="2134" WIDTH="24"/>
						<String ID="P5_ST00833" HPOS="1323" VPOS="2110" WIDTH="104" HEIGHT="23" CONTENT="number" WC="1.00" CC="001000"/>
						<SP ID="P5_SP00674" HPOS="1427" VPOS="2134" WIDTH="24"/>
						<String ID="P5_ST00834" HPOS="1451" VPOS="2110" WIDTH="28" HEIGHT="23" CONTENT="of" WC="1.00" CC="00"/>
						<SP ID="P5_SP00675" HPOS="1479" VPOS="2134" WIDTH="22"/>
						<String ID="P5_ST00835" HPOS="1501" VPOS="2110" WIDTH="160" HEIGHT="23" CONTENT="commercial" WC="1.00" CC="0011000000"/>
						<SP ID="P5_SP00676" HPOS="1661" VPOS="2134" WIDTH="26"/>
						<String ID="P5_ST00836" HPOS="1687" VPOS="2110" WIDTH="69" HEIGHT="23" CONTENT="radio" WC="1.00" CC="00000"/>
						<SP ID="P5_SP00677" HPOS="1756" VPOS="2134" WIDTH="24"/>
						<String ID="P5_ST00837" HPOS="1780" VPOS="2114" WIDTH="36" HEIGHT="19" CONTENT="sta" SUBS_TYPE="HypPart1" SUBS_CONTENT="stations," WC="1.00" CC="110"/>
						<HYP HPOS="1816" VPOS="2114" WIDTH="12" CONTENT="-"/>
					</TextLine>
					<TextLine ID="P5_TL00160" HPOS="1285" VPOS="2148" WIDTH="542" HEIGHT="30">
						<String ID="P5_ST00838" HPOS="1285" VPOS="2149" WIDTH="72" HEIGHT="25" CONTENT="tions," SUBS_TYPE="HypPart2" SUBS_CONTENT="stations," WC="1.00" CC="110012"/>
						<SP ID="P5_SP00678" HPOS="1357" VPOS="2174" WIDTH="19"/>
						<String ID="P5_ST00839" HPOS="1376" VPOS="2149" WIDTH="127" HEIGHT="29" CONTENT="including" WC="1.00" CC="011010101"/>
						<SP ID="P5_SP00679" HPOS="1503" VPOS="2178" WIDTH="18"/>
						<String ID="P5_ST00840" HPOS="1521" VPOS="2149" WIDTH="91" HEIGHT="26" CONTENT="WWL," WC="1.00" CC="0000"/>
						<SP ID="P5_SP00680" HPOS="1612" VPOS="2178" WIDTH="19"/>
						<String ID="P5_ST00841" HPOS="1631" VPOS="2148" WIDTH="64" HEIGHT="23" CONTENT="New" WC="1.00" CC="001"/>
						<SP ID="P5_SP00681" HPOS="1695" VPOS="2178" WIDTH="18"/>
						<String ID="P5_ST00842" HPOS="1713" VPOS="2148" WIDTH="114" HEIGHT="27" CONTENT="Orleans;" WC="1.00" CC="00001000"/>
					</TextLine>
					<TextLine ID="P5_TL00161" HPOS="1286" VPOS="2186" WIDTH="540" HEIGHT="30">
						<String ID="P5_ST00843" HPOS="1286" VPOS="2187" WIDTH="101" HEIGHT="26" CONTENT="KRLD," WC="0.95" CC="20101"/>
						<SP ID="P5_SP00682" HPOS="1387" VPOS="2213" WIDTH="15"/>
						<String ID="P5_ST00844" HPOS="1402" VPOS="2187" WIDTH="94" HEIGHT="26" CONTENT="Dallas;" WC="1.00" CC="0001011"/>
						<SP ID="P5_SP00683" HPOS="1496" VPOS="2213" WIDTH="13"/>
						<String ID="P5_ST00845" HPOS="1509" VPOS="2187" WIDTH="108" HEIGHT="26" CONTENT="WFOY," WC="0.98" CC="10000"/>
						<SP ID="P5_SP00684" HPOS="1617" VPOS="2213" WIDTH="14"/>
						<String ID="P5_ST00846" HPOS="1631" VPOS="2187" WIDTH="32" HEIGHT="23" CONTENT="St." WC="1.00" CC="000"/>
						<SP ID="P5_SP00685" HPOS="1663" VPOS="2213" WIDTH="15"/>
						<String ID="P5_ST00847" HPOS="1678" VPOS="2186" WIDTH="148" HEIGHT="30" CONTENT="Augustine," WC="1.00" CC="0000110010"/>
					</TextLine>
					<TextLine ID="P5_TL00162" HPOS="1286" VPOS="2225" WIDTH="541" HEIGHT="30">
						<String ID="P5_ST00848" HPOS="1286" VPOS="2225" WIDTH="60" HEIGHT="27" CONTENT="Fla.;" WC="0.99" CC="00001"/>
						<SP ID="P5_SP00686" HPOS="1346" VPOS="2252" WIDTH="20"/>
						<String ID="P5_ST00849" HPOS="1366" VPOS="2226" WIDTH="102" HEIGHT="26" CONTENT="KVOL," WC="1.00" CC="00000"/>
						<SP ID="P5_SP00687" HPOS="1468" VPOS="2252" WIDTH="21"/>
						<String ID="P5_ST00850" HPOS="1489" VPOS="2225" WIDTH="136" HEIGHT="30" CONTENT="Lafayette," WC="1.00" CC="0000101101"/>
						<SP ID="P5_SP00688" HPOS="1625" VPOS="2255" WIDTH="22"/>
						<String ID="P5_ST00851" HPOS="1647" VPOS="2226" WIDTH="53" HEIGHT="26" CONTENT="La.;" WC="1.00" CC="0000"/>
						<SP ID="P5_SP00689" HPOS="1700" VPOS="2255" WIDTH="20"/>
						<String ID="P5_ST00852" HPOS="1720" VPOS="2225" WIDTH="107" HEIGHT="27" CONTENT="KEUN," WC="0.94" CC="11101"/>
					</TextLine>
					<TextLine ID="P5_TL00163" HPOS="1285" VPOS="2264" WIDTH="329" HEIGHT="27">
						<String ID="P5_ST00853" HPOS="1285" VPOS="2264" WIDTH="101" HEIGHT="27" CONTENT="Eunice," WC="1.00" CC="0000001"/>
						<SP ID="P5_SP00690" HPOS="1386" VPOS="2291" WIDTH="13"/>
						<String ID="P5_ST00854" HPOS="1399" VPOS="2264" WIDTH="52" HEIGHT="27" CONTENT="La.;" WC="1.00" CC="0100"/>
						<SP ID="P5_SP00691" HPOS="1451" VPOS="2291" WIDTH="13"/>
						<String ID="P5_ST00855" HPOS="1464" VPOS="2265" WIDTH="49" HEIGHT="22" CONTENT="and" WC="1.00" CC="000"/>
						<SP ID="P5_SP00692" HPOS="1513" VPOS="2291" WIDTH="11"/>
						<String ID="P5_ST00856" HPOS="1524" VPOS="2264" WIDTH="90" HEIGHT="23" CONTENT="others." WC="1.00" CC="0000010"/>
					</TextLine>
					<TextLine ID="P5_TL00164" HPOS="1318" VPOS="2302" WIDTH="509" HEIGHT="29">
						<String ID="P5_ST00857" HPOS="1318" VPOS="2302" WIDTH="104" HEIGHT="24" CONTENT="Sinclair" WC="1.00" CC="01001100"/>
						<SP ID="P5_SP00693" HPOS="1422" VPOS="2326" WIDTH="19"/>
						<String ID="P5_ST00858" HPOS="1441" VPOS="2302" WIDTH="52" HEIGHT="24" CONTENT="said" WC="1.00" CC="1010"/>
						<SP ID="P5_SP00694" HPOS="1493" VPOS="2326" WIDTH="20"/>
						<String ID="P5_ST00859" HPOS="1513" VPOS="2302" WIDTH="52" HEIGHT="24" CONTENT="that" WC="1.00" CC="0000"/>
						<SP ID="P5_SP00695" HPOS="1565" VPOS="2326" WIDTH="19"/>
						<String ID="P5_ST00860" HPOS="1584" VPOS="2302" WIDTH="40" HEIGHT="24" CONTENT="the" WC="1.00" CC="000"/>
						<SP ID="P5_SP00696" HPOS="1624" VPOS="2326" WIDTH="21"/>
						<String ID="P5_ST00861" HPOS="1645" VPOS="2302" WIDTH="95" HEIGHT="29" CONTENT="Loyola" WC="1.00" CC="001000"/>
						<SP ID="P5_SP00697" HPOS="1740" VPOS="2331" WIDTH="20"/>
						<String ID="P5_ST00862" HPOS="1760" VPOS="2303" WIDTH="54" HEIGHT="22" CONTENT='"net' SUBS_TYPE="HypPart1" SUBS_CONTENT='"network"' WC="1.00" CC="0000"/>
						<HYP HPOS="1814" VPOS="2303" WIDTH="13" CONTENT="-"/>
					</TextLine>
					<TextLine ID="P5_TL00165" HPOS="1284" VPOS="2340" WIDTH="543" HEIGHT="24">
						<String ID="P5_ST00863" HPOS="1284" VPOS="2341" WIDTH="83" HEIGHT="23" CONTENT='work"' SUBS_TYPE="HypPart2" SUBS_CONTENT='"network"' WC="1.00" CC="01010"/>
						<SP ID="P5_SP00698" HPOS="1367" VPOS="2364" WIDTH="15"/>
						<String ID="P5_ST00864" HPOS="1382" VPOS="2341" WIDTH="47" HEIGHT="23" CONTENT="will" WC="1.00" CC="1000"/>
						<SP ID="P5_SP00699" HPOS="1429" VPOS="2364" WIDTH="16"/>
						<String ID="P5_ST00865" HPOS="1445" VPOS="2348" WIDTH="61" HEIGHT="16" CONTENT="soon" WC="1.00" CC="1000"/>
						<SP ID="P5_SP00700" HPOS="1506" VPOS="2364" WIDTH="16"/>
						<String ID="P5_ST00866" HPOS="1522" VPOS="2341" WIDTH="104" HEIGHT="23" CONTENT="number" WC="1.00" CC="001001"/>
						<SP ID="P5_SP00701" HPOS="1626" VPOS="2364" WIDTH="14"/>
						<String ID="P5_ST00867" HPOS="1640" VPOS="2341" WIDTH="77" HEIGHT="23" CONTENT="about" WC="1.00" CC="00010"/>
						<SP ID="P5_SP00702" HPOS="1717" VPOS="2364" WIDTH="15"/>
						<String ID="P5_ST00868" HPOS="1732" VPOS="2340" WIDTH="33" HEIGHT="24" CONTENT="20" WC="1.00" CC="00"/>
						<SP ID="P5_SP00703" HPOS="1765" VPOS="2364" WIDTH="13"/>
						<String ID="P5_ST00869" HPOS="1778" VPOS="2345" WIDTH="37" HEIGHT="19" CONTENT="sta" SUBS_TYPE="HypPart1" SUBS_CONTENT="stations." WC="1.00" CC="100"/>
						<HYP HPOS="1815" VPOS="2345" WIDTH="12" CONTENT="-"/>
					</TextLine>
					<TextLine ID="P5_TL00166" HPOS="1283" VPOS="2379" WIDTH="544" HEIGHT="30">
						<String ID="P5_ST00870" HPOS="1283" VPOS="2380" WIDTH="70" HEIGHT="23" CONTENT="tions." SUBS_TYPE="HypPart2" SUBS_CONTENT="stations." WC="1.00" CC="000010"/>
						<SP ID="P5_SP00704" HPOS="1353" VPOS="2403" WIDTH="22"/>
						<String ID="P5_ST00871" HPOS="1375" VPOS="2380" WIDTH="98" HEIGHT="29" CONTENT="During" WC="1.00" CC="010100"/>
						<SP ID="P5_SP00705" HPOS="1473" VPOS="2409" WIDTH="21"/>
						<String ID="P5_ST00872" HPOS="1494" VPOS="2379" WIDTH="117" HEIGHT="28" CONTENT="1963-64," WC="0.97" CC="11001001"/>
						<SP ID="P5_SP00706" HPOS="1611" VPOS="2409" WIDTH="20"/>
						<String ID="P5_ST00873" HPOS="1631" VPOS="2379" WIDTH="76" HEIGHT="24" CONTENT="about" WC="1.00" CC="00100"/>
						<SP ID="P5_SP00707" HPOS="1707" VPOS="2409" WIDTH="21"/>
						<String ID="P5_ST00874" HPOS="1728" VPOS="2379" WIDTH="30" HEIGHT="23" CONTENT="35" WC="0.96" CC="11"/>
						<SP ID="P5_SP00708" HPOS="1758" VPOS="2409" WIDTH="21"/>
						<String ID="P5_ST00875" HPOS="1779" VPOS="2383" WIDTH="36" HEIGHT="20" CONTENT="sta" SUBS_TYPE="HypPart1" SUBS_CONTENT="stations" WC="1.00" CC="001"/>
						<HYP HPOS="1815" VPOS="2383" WIDTH="12" CONTENT="-"/>
					</TextLine>
					<TextLine ID="P5_TL00167" HPOS="1282" VPOS="2418" WIDTH="543" HEIGHT="30">
						<String ID="P5_ST00876" HPOS="1282" VPOS="2419" WIDTH="64" HEIGHT="23" CONTENT="tions" SUBS_TYPE="HypPart2" SUBS_CONTENT="stations" WC="1.00" CC="01010"/>
						<SP ID="P5_SP00709" HPOS="1346" VPOS="2442" WIDTH="24"/>
						<String ID="P5_ST00877" HPOS="1370" VPOS="2418" WIDTH="122" HEIGHT="30" CONTENT="regularly" WC="1.00" CC="000001000"/>
						<SP ID="P5_SP00710" HPOS="1492" VPOS="2448" WIDTH="23"/>
						<String ID="P5_ST00878" HPOS="1515" VPOS="2418" WIDTH="97" HEIGHT="24" CONTENT="carried" WC="1.00" CC="1000010"/>
						<SP ID="P5_SP00711" HPOS="1612" VPOS="2448" WIDTH="23"/>
						<String ID="P5_ST00879" HPOS="1635" VPOS="2419" WIDTH="42" HEIGHT="23" CONTENT="the" WC="1.00" CC="001"/>
						<SP ID="P5_SP00712" HPOS="1677" VPOS="2448" WIDTH="23"/>
						<String ID="P5_ST00880" HPOS="1700" VPOS="2425" WIDTH="125" HEIGHT="23" CONTENT="program," WC="1.00" CC="00000000"/>
					</TextLine>
					<TextLine ID="P5_TL00168" HPOS="1282" VPOS="2457" WIDTH="545" HEIGHT="29">
						<String ID="P5_ST00881" HPOS="1282" VPOS="2457" WIDTH="128" HEIGHT="29" CONTENT="including" WC="1.00" CC="100000001"/>
						<SP ID="P5_SP00713" HPOS="1410" VPOS="2486" WIDTH="18"/>
						<String ID="P5_ST00882" HPOS="1428" VPOS="2464" WIDTH="48" HEIGHT="16" CONTENT="one" WC="1.00" CC="100"/>
						<SP ID="P5_SP00714" HPOS="1476" VPOS="2486" WIDTH="19"/>
						<String ID="P5_ST00883" HPOS="1495" VPOS="2465" WIDTH="25" HEIGHT="15" CONTENT="as" WC="0.96" CC="01"/>
						<SP ID="P5_SP00715" HPOS="1520" VPOS="2486" WIDTH="20"/>
						<String ID="P5_ST00884" HPOS="1540" VPOS="2457" WIDTH="39" HEIGHT="23" CONTENT="far" WC="1.00" CC="000"/>
						<SP ID="P5_SP00716" HPOS="1579" VPOS="2486" WIDTH="19"/>
						<String ID="P5_ST00885" HPOS="1598" VPOS="2463" WIDTH="69" HEIGHT="23" CONTENT="away" WC="1.00" CC="0000"/>
						<SP ID="P5_SP00717" HPOS="1667" VPOS="2486" WIDTH="21"/>
						<String ID="P5_ST00886" HPOS="1688" VPOS="2464" WIDTH="25" HEIGHT="16" CONTENT="as" WC="0.98" CC="01"/>
						<SP ID="P5_SP00718" HPOS="1713" VPOS="2486" WIDTH="21"/>
						<String ID="P5_ST00887" HPOS="1734" VPOS="2457" WIDTH="78" HEIGHT="23" CONTENT="Evans" SUBS_TYPE="HypPart1" SUBS_CONTENT="Evanston," WC="1.00" CC="10011"/>
						<HYP HPOS="1812" VPOS="2457" WIDTH="15" CONTENT="-"/>
					</TextLine>
					<TextLine ID="P5_TL00169" HPOS="1283" VPOS="2495" WIDTH="98" HEIGHT="27">
						<String ID="P5_ST00888" HPOS="1283" VPOS="2500" WIDTH="50" HEIGHT="22" CONTENT="ton," SUBS_TYPE="HypPart2" SUBS_CONTENT="Evanston," WC="1.00" CC="1010"/>
						<SP ID="P5_SP00719" HPOS="1333" VPOS="2522" WIDTH="14"/>
						<String ID="P5_ST00889" HPOS="1347" VPOS="2495" WIDTH="34" HEIGHT="23" CONTENT="111." WC="1.00" CC="1001"/>
					</TextLine>
				</TextBlock>
				<TextBlock ID="P5_TB00014" HPOS="1960" VPOS="1278" WIDTH="1613" HEIGHT="114" STYLEREFS="TXT_6 PAR_RIGHT">
					<TextLine ID="P5_TL00170" HPOS="1960" VPOS="1278" WIDTH="1613" HEIGHT="114">
						<String ID="P5_ST00890" HPOS="1960" VPOS="1279" WIDTH="267" HEIGHT="96" CONTENT="Church" WC="1.00" CC="010000"/>
						<SP ID="P5_SP00720" HPOS="2227" VPOS="1375" WIDTH="17"/>
						<String ID="P5_ST00891" HPOS="2244" VPOS="1278" WIDTH="389" HEIGHT="96" CONTENT="affiliation" WC="1.00" CC="11000012000"/>
						<SP ID="P5_SP00721" HPOS="2633" VPOS="1375" WIDTH="21"/>
						<String ID="P5_ST00892" HPOS="2654" VPOS="1313" WIDTH="94" HEIGHT="61" CONTENT="no" WC="0.98" CC="10"/>
						<SP ID="P5_SP00722" HPOS="2748" VPOS="1375" WIDTH="16"/>
						<String ID="P5_ST00893" HPOS="2764" VPOS="1279" WIDTH="257" HEIGHT="112" CONTENT="longer" WC="1.00" CC="000000"/>
						<SP ID="P5_SP00723" HPOS="3021" VPOS="1391" WIDTH="15"/>
						<String ID="P5_ST00894" HPOS="3036" VPOS="1311" WIDTH="93" HEIGHT="61" CONTENT="on" WC="1.00" CC="00"/>
						<SP ID="P5_SP00724" HPOS="3129" VPOS="1391" WIDTH="16"/>
						<String ID="P5_ST00895" HPOS="3145" VPOS="1286" WIDTH="428" HEIGHT="106" CONTENT="transcripts" WC="1.00" CC="00000000001"/>
					</TextLine>
				</TextBlock>
				<TextBlock ID="P5_TB00015" HPOS="1877" VPOS="1157" WIDTH="998" HEIGHT="63" STYLEREFS="TXT_2 PAR_RIGHT">
					<TextLine ID="P5_TL00171" HPOS="1877" VPOS="1157" WIDTH="998" HEIGHT="63">
						<String ID="P5_ST00896" HPOS="1877" VPOS="1157" WIDTH="157" HEIGHT="63" CONTENT="New" WC="0.97" CC="414" STYLEREFS="TXT_7"/>
						<SP ID="P5_SP00725" HPOS="2034" VPOS="1220" WIDTH="44"/>
						<String ID="P5_ST00897" HPOS="2078" VPOS="1157" WIDTH="274" HEIGHT="63" CONTENT="student" WC="1.00" CC="1010110"/>
						<SP ID="P5_SP00726" HPOS="2352" VPOS="1220" WIDTH="43"/>
						<String ID="P5_ST00898" HPOS="2395" VPOS="1157" WIDTH="259" HEIGHT="62" CONTENT="records" WC="1.00" CC="0000000"/>
						<SP ID="P5_SP00727" HPOS="2654" VPOS="1220" WIDTH="44"/>
						<String ID="P5_ST00899" HPOS="2698" VPOS="1157" WIDTH="177" HEIGHT="62" CONTENT="show" WC="1.00" CC="0102"/>
					</TextLine>
				</TextBlock>
				<TextBlock ID="P5_TB00016" HPOS="1869" VPOS="1444" WIDTH="551" HEIGHT="1079" STYLEREFS="TXT_4 PAR_LEFT">
					<TextLine ID="P5_TL00172" HPOS="1908" VPOS="1444" WIDTH="510" HEIGHT="24">
						<String ID="P5_ST00900" HPOS="1908" VPOS="1445" WIDTH="62" HEIGHT="23" CONTENT="New" WC="1.00" CC="111"/>
						<SP ID="P5_SP00728" HPOS="1970" VPOS="1468" WIDTH="20"/>
						<String ID="P5_ST00901" HPOS="1990" VPOS="1446" WIDTH="78" HEIGHT="22" CONTENT="forms" WC="1.00" CC="11001"/>
						<SP ID="P5_SP00729" HPOS="2068" VPOS="1468" WIDTH="19"/>
						<String ID="P5_ST00902" HPOS="2087" VPOS="1445" WIDTH="40" HEIGHT="23" CONTENT="for" WC="1.00" CC="010"/>
						<SP ID="P5_SP00730" HPOS="2127" VPOS="1468" WIDTH="19"/>
						<String ID="P5_ST00903" HPOS="2146" VPOS="1444" WIDTH="118" HEIGHT="24" CONTENT="students'" WC="1.00" CC="210000101"/>
						<SP ID="P5_SP00731" HPOS="2264" VPOS="1468" WIDTH="21"/>
						<String ID="P5_ST00904" HPOS="2285" VPOS="1444" WIDTH="60" HEIGHT="23" CONTENT="final" WC="1.00" CC="10000"/>
						<SP ID="P5_SP00732" HPOS="2345" VPOS="1468" WIDTH="21"/>
						<String ID="P5_ST00905" HPOS="2366" VPOS="1451" WIDTH="39" HEIGHT="16" CONTENT="rec" SUBS_TYPE="HypPart1" SUBS_CONTENT="records" WC="1.00" CC="001"/>
						<HYP HPOS="2405" VPOS="1451" WIDTH="13" CONTENT="-"/>
					</TextLine>
					<TextLine ID="P5_TL00173" HPOS="1872" VPOS="1482" WIDTH="545" HEIGHT="30">
						<String ID="P5_ST00906" HPOS="1872" VPOS="1484" WIDTH="58" HEIGHT="23" CONTENT="ords" SUBS_TYPE="HypPart2" SUBS_CONTENT="records" WC="1.00" CC="1010"/>
						<SP ID="P5_SP00733" HPOS="1930" VPOS="1507" WIDTH="17"/>
						<String ID="P5_ST00907" HPOS="1947" VPOS="1484" WIDTH="47" HEIGHT="23" CONTENT="and" WC="1.00" CC="000"/>
						<SP ID="P5_SP00734" HPOS="1994" VPOS="1507" WIDTH="18"/>
						<String ID="P5_ST00908" HPOS="2012" VPOS="1484" WIDTH="144" HEIGHT="28" CONTENT="transcripts" WC="1.00" CC="10010100110"/>
						<SP ID="P5_SP00735" HPOS="2156" VPOS="1512" WIDTH="18"/>
						<String ID="P5_ST00909" HPOS="2174" VPOS="1483" WIDTH="63" HEIGHT="23" CONTENT="have" WC="1.00" CC="0001"/>
						<SP ID="P5_SP00736" HPOS="2237" VPOS="1512" WIDTH="16"/>
						<String ID="P5_ST00910" HPOS="2253" VPOS="1482" WIDTH="110" HEIGHT="30" CONTENT="recently" WC="1.00" CC="01100001"/>
						<SP ID="P5_SP00737" HPOS="2363" VPOS="1512" WIDTH="16"/>
						<String ID="P5_ST00911" HPOS="2379" VPOS="1490" WIDTH="26" HEIGHT="17" CONTENT="ar" SUBS_TYPE="HypPart1" SUBS_CONTENT="arrived" WC="1.00" CC="00"/>
						<HYP HPOS="2405" VPOS="1490" WIDTH="12" CONTENT="-"/>
					</TextLine>
					<TextLine ID="P5_TL00174" HPOS="1875" VPOS="1521" WIDTH="399" HEIGHT="30">
						<String ID="P5_ST00912" HPOS="1875" VPOS="1523" WIDTH="66" HEIGHT="22" CONTENT="rived" SUBS_TYPE="HypPart2" SUBS_CONTENT="arrived" WC="1.00" CC="00000"/>
						<SP ID="P5_SP00738" HPOS="1941" VPOS="1545" WIDTH="13"/>
						<String ID="P5_ST00913" HPOS="1954" VPOS="1523" WIDTH="23" HEIGHT="22" CONTENT="in" WC="1.00" CC="00"/>
						<SP ID="P5_SP00739" HPOS="1977" VPOS="1545" WIDTH="13"/>
						<String ID="P5_ST00914" HPOS="1990" VPOS="1523" WIDTH="40" HEIGHT="22" CONTENT="the" WC="0.99" CC="011"/>
						<SP ID="P5_SP00740" HPOS="2030" VPOS="1545" WIDTH="13"/>
						<String ID="P5_ST00915" HPOS="2043" VPOS="1522" WIDTH="134" HEIGHT="29" CONTENT="registrar's" WC="1.00" CC="01100000011"/>
						<SP ID="P5_SP00741" HPOS="2177" VPOS="1551" WIDTH="12"/>
						<String ID="P5_ST00916" HPOS="2189" VPOS="1521" WIDTH="85" HEIGHT="23" CONTENT="office." WC="1.00" CC="0000000"/>
					</TextLine>
					<TextLine ID="P5_TL00175" HPOS="1908" VPOS="1573" WIDTH="508" HEIGHT="30">
						<String ID="P5_ST00917" HPOS="1908" VPOS="1574" WIDTH="141" HEIGHT="29" CONTENT="Previously" WC="1.00" CC="1000011000"/>
						<SP ID="P5_SP00742" HPOS="2049" VPOS="1603" WIDTH="29"/>
						<String ID="P5_ST00918" HPOS="2078" VPOS="1574" WIDTH="41" HEIGHT="23" CONTENT="the" WC="1.00" CC="000"/>
						<SP ID="P5_SP00743" HPOS="2119" VPOS="1603" WIDTH="28"/>
						<String ID="P5_ST00919" HPOS="2147" VPOS="1573" WIDTH="94" HEIGHT="23" CONTENT="church" WC="1.00" CC="000000"/>
						<SP ID="P5_SP00744" HPOS="2241" VPOS="1603" WIDTH="29"/>
						<String ID="P5_ST00920" HPOS="2270" VPOS="1573" WIDTH="130" HEIGHT="23" CONTENT="denomina" SUBS_TYPE="HypPart1" SUBS_CONTENT="denomination" WC="1.00" CC="10010010"/>
						<HYP HPOS="2400" VPOS="1573" WIDTH="16" CONTENT="-"/>
					</TextLine>
					<TextLine ID="P5_TL00176" HPOS="1872" VPOS="1611" WIDTH="542" HEIGHT="30">
						<String ID="P5_ST00921" HPOS="1872" VPOS="1613" WIDTH="51" HEIGHT="23" CONTENT="tion" SUBS_TYPE="HypPart2" SUBS_CONTENT="denomination" WC="1.00" CC="0000"/>
						<SP ID="P5_SP00745" HPOS="1923" VPOS="1636" WIDTH="18"/>
						<String ID="P5_ST00922" HPOS="1941" VPOS="1613" WIDTH="28" HEIGHT="23" CONTENT="of" WC="1.00" CC="00"/>
						<SP ID="P5_SP00746" HPOS="1969" VPOS="1636" WIDTH="18"/>
						<String ID="P5_ST00923" HPOS="1987" VPOS="1613" WIDTH="40" HEIGHT="23" CONTENT="the" WC="1.00" CC="000"/>
						<SP ID="P5_SP00747" HPOS="2027" VPOS="1636" WIDTH="17"/>
						<String ID="P5_ST00924" HPOS="2044" VPOS="1613" WIDTH="99" HEIGHT="23" CONTENT="student" WC="1.00" CC="1000000"/>
						<SP ID="P5_SP00748" HPOS="2143" VPOS="1636" WIDTH="19"/>
						<String ID="P5_ST00925" HPOS="2162" VPOS="1619" WIDTH="49" HEIGHT="16" CONTENT="was" WC="1.00" CC="100"/>
						<SP ID="P5_SP00749" HPOS="2211" VPOS="1636" WIDTH="19"/>
						<String ID="P5_ST00926" HPOS="2230" VPOS="1612" WIDTH="122" HEIGHT="29" CONTENT="required," WC="1.00" CC="101010000"/>
						<SP ID="P5_SP00750" HPOS="2352" VPOS="1641" WIDTH="20"/>
						<String ID="P5_ST00927" HPOS="2372" VPOS="1611" WIDTH="42" HEIGHT="24" CONTENT="but" WC="1.00" CC="101"/>
					</TextLine>
					<TextLine ID="P5_TL00177" HPOS="1872" VPOS="1651" WIDTH="541" HEIGHT="30">
						<String ID="P5_ST00928" HPOS="1872" VPOS="1651" WIDTH="16" HEIGHT="23" CONTENT="it" WC="0.98" CC="10"/>
						<SP ID="P5_SP00751" HPOS="1888" VPOS="1674" WIDTH="20"/>
						<String ID="P5_ST00929" HPOS="1908" VPOS="1651" WIDTH="18" HEIGHT="23" CONTENT="is" WC="1.00" CC="00"/>
						<SP ID="P5_SP00752" HPOS="1926" VPOS="1674" WIDTH="18"/>
						<String ID="P5_ST00930" HPOS="1944" VPOS="1658" WIDTH="33" HEIGHT="16" CONTENT="no" WC="1.00" CC="00"/>
						<SP ID="P5_SP00753" HPOS="1977" VPOS="1674" WIDTH="18"/>
						<String ID="P5_ST00931" HPOS="1995" VPOS="1652" WIDTH="86" HEIGHT="29" CONTENT="longer" WC="1.00" CC="010100"/>
						<SP ID="P5_SP00754" HPOS="2081" VPOS="1681" WIDTH="18"/>
						<String ID="P5_ST00932" HPOS="2099" VPOS="1651" WIDTH="129" HEIGHT="29" CONTENT="requested" WC="1.00" CC="000000011"/>
						<SP ID="P5_SP00755" HPOS="2228" VPOS="1681" WIDTH="20"/>
						<String ID="P5_ST00933" HPOS="2248" VPOS="1658" WIDTH="31" HEIGHT="16" CONTENT="on" WC="1.00" CC="00"/>
						<SP ID="P5_SP00756" HPOS="2279" VPOS="1681" WIDTH="21"/>
						<String ID="P5_ST00934" HPOS="2300" VPOS="1651" WIDTH="40" HEIGHT="23" CONTENT="the" WC="0.99" CC="102"/>
						<SP ID="P5_SP00757" HPOS="2340" VPOS="1681" WIDTH="21"/>
						<String ID="P5_ST00935" HPOS="2361" VPOS="1658" WIDTH="52" HEIGHT="16" CONTENT="new" WC="1.00" CC="010"/>
					</TextLine>
					<TextLine ID="P5_TL00178" HPOS="1874" VPOS="1690" WIDTH="72" HEIGHT="23">
						<String ID="P5_ST00936" HPOS="1874" VPOS="1690" WIDTH="72" HEIGHT="23" CONTENT="form." WC="1.00" CC="00000"/>
					</TextLine>
					<TextLine ID="P5_TL00179" HPOS="1906" VPOS="1742" WIDTH="506" HEIGHT="24">
						<String ID="P5_ST00937" HPOS="1906" VPOS="1742" WIDTH="164" HEIGHT="23" CONTENT="Information" WC="1.00" CC="00011100010"/>
						<SP ID="P5_SP00758" HPOS="2070" VPOS="1765" WIDTH="29"/>
						<String ID="P5_ST00938" HPOS="2099" VPOS="1742" WIDTH="95" HEIGHT="23" CONTENT="needed" WC="1.00" CC="000000"/>
						<SP ID="P5_SP00759" HPOS="2194" VPOS="1765" WIDTH="28"/>
						<String ID="P5_ST00939" HPOS="2222" VPOS="1749" WIDTH="32" HEIGHT="15" CONTENT="on" WC="1.00" CC="00"/>
						<SP ID="P5_SP00760" HPOS="2254" VPOS="1765" WIDTH="30"/>
						<String ID="P5_ST00940" HPOS="2284" VPOS="1742" WIDTH="40" HEIGHT="24" CONTENT="the" WC="1.00" CC="100"/>
						<SP ID="P5_SP00761" HPOS="2324" VPOS="1766" WIDTH="28"/>
						<String ID="P5_ST00941" HPOS="2352" VPOS="1742" WIDTH="60" HEIGHT="22" CONTENT="final" WC="1.00" CC="21010"/>
					</TextLine>
					<TextLine ID="P5_TL00180" HPOS="1873" VPOS="1781" WIDTH="540" HEIGHT="24">
						<String ID="P5_ST00942" HPOS="1873" VPOS="1781" WIDTH="85" HEIGHT="23" CONTENT="record" WC="1.00" CC="001000"/>
						<SP ID="P5_SP00762" HPOS="1958" VPOS="1804" WIDTH="19"/>
						<String ID="P5_ST00943" HPOS="1977" VPOS="1781" WIDTH="16" HEIGHT="23" CONTENT="is" WC="0.98" CC="10"/>
						<SP ID="P5_SP00763" HPOS="1993" VPOS="1804" WIDTH="17"/>
						<String ID="P5_ST00944" HPOS="2010" VPOS="1781" WIDTH="41" HEIGHT="23" CONTENT="the" WC="1.00" CC="000"/>
						<SP ID="P5_SP00764" HPOS="2051" VPOS="1804" WIDTH="17"/>
						<String ID="P5_ST00945" HPOS="2068" VPOS="1781" WIDTH="118" HEIGHT="23" CONTENT="student's" WC="1.00" CC="010000011"/>
						<SP ID="P5_SP00765" HPOS="2186" VPOS="1804" WIDTH="19"/>
						<String ID="P5_ST00946" HPOS="2205" VPOS="1788" WIDTH="80" HEIGHT="17" CONTENT="name," WC="1.00" CC="00010"/>
						<SP ID="P5_SP00766" HPOS="2285" VPOS="1805" WIDTH="19"/>
						<String ID="P5_ST00947" HPOS="2304" VPOS="1781" WIDTH="109" HEIGHT="24" CONTENT="address," WC="1.00" CC="00000110"/>
					</TextLine>
					<TextLine ID="P5_TL00181" HPOS="1872" VPOS="1819" WIDTH="541" HEIGHT="30">
						<String ID="P5_ST00948" HPOS="1872" VPOS="1819" WIDTH="55" HEIGHT="24" CONTENT="date" WC="1.00" CC="1110"/>
						<SP ID="P5_SP00767" HPOS="1927" VPOS="1843" WIDTH="20"/>
						<String ID="P5_ST00949" HPOS="1947" VPOS="1820" WIDTH="47" HEIGHT="22" CONTENT="and" WC="1.00" CC="000"/>
						<SP ID="P5_SP00768" HPOS="1994" VPOS="1843" WIDTH="22"/>
						<String ID="P5_ST00950" HPOS="2016" VPOS="1820" WIDTH="69" HEIGHT="29" CONTENT="place" WC="1.00" CC="00110"/>
						<SP ID="P5_SP00769" HPOS="2085" VPOS="1849" WIDTH="20"/>
						<String ID="P5_ST00951" HPOS="2105" VPOS="1820" WIDTH="28" HEIGHT="23" CONTENT="of" WC="0.96" CC="11"/>
						<SP ID="P5_SP00770" HPOS="2133" VPOS="1849" WIDTH="20"/>
						<String ID="P5_ST00952" HPOS="2153" VPOS="1820" WIDTH="72" HEIGHT="25" CONTENT="birth," WC="1.00" CC="100011"/>
						<SP ID="P5_SP00771" HPOS="2225" VPOS="1849" WIDTH="21"/>
						<String ID="P5_ST00953" HPOS="2246" VPOS="1820" WIDTH="41" HEIGHT="23" CONTENT="the" WC="1.00" CC="001"/>
						<SP ID="P5_SP00772" HPOS="2287" VPOS="1849" WIDTH="21"/>
						<String ID="P5_ST00954" HPOS="2308" VPOS="1820" WIDTH="55" HEIGHT="23" CONTENT="date" WC="1.00" CC="1001"/>
						<SP ID="P5_SP00773" HPOS="2363" VPOS="1849" WIDTH="22"/>
						<String ID="P5_ST00955" HPOS="2385" VPOS="1819" WIDTH="28" HEIGHT="24" CONTENT="of" WC="1.00" CC="00"/>
					</TextLine>
					<TextLine ID="P5_TL00182" HPOS="1872" VPOS="1858" WIDTH="539" HEIGHT="29">
						<String ID="P5_ST00956" HPOS="1872" VPOS="1861" WIDTH="69" HEIGHT="26" CONTENT="entry" WC="1.00" CC="00101"/>
						<SP ID="P5_SP00774" HPOS="1941" VPOS="1887" WIDTH="13"/>
						<String ID="P5_ST00957" HPOS="1954" VPOS="1858" WIDTH="52" HEIGHT="23" CONTENT="into" WC="1.00" CC="0000"/>
						<SP ID="P5_SP00775" HPOS="2006" VPOS="1887" WIDTH="15"/>
						<String ID="P5_ST00958" HPOS="2021" VPOS="1858" WIDTH="101" HEIGHT="29" CONTENT="Loyola," WC="1.00" CC="1000011"/>
						<SP ID="P5_SP00776" HPOS="2122" VPOS="1887" WIDTH="14"/>
						<String ID="P5_ST00959" HPOS="2136" VPOS="1858" WIDTH="42" HEIGHT="24" CONTENT="the" WC="1.00" CC="011"/>
						<SP ID="P5_SP00777" HPOS="2178" VPOS="1887" WIDTH="13"/>
						<String ID="P5_ST00960" HPOS="2191" VPOS="1858" WIDTH="118" HEIGHT="23" CONTENT="student's" WC="1.00" CC="010011010"/>
						<SP ID="P5_SP00778" HPOS="2309" VPOS="1887" WIDTH="15"/>
						<String ID="P5_ST00961" HPOS="2324" VPOS="1858" WIDTH="87" HEIGHT="29" CONTENT="major," WC="1.00" CC="101001"/>
					</TextLine>
					<TextLine ID="P5_TL00183" HPOS="1872" VPOS="1896" WIDTH="540" HEIGHT="30">
						<String ID="P5_ST00962" HPOS="1872" VPOS="1897" WIDTH="48" HEIGHT="22" CONTENT="and" WC="1.00" CC="100"/>
						<SP ID="P5_SP00779" HPOS="1920" VPOS="1919" WIDTH="15"/>
						<String ID="P5_ST00963" HPOS="1935" VPOS="1896" WIDTH="40" HEIGHT="24" CONTENT="the" WC="1.00" CC="110"/>
						<SP ID="P5_SP00780" HPOS="1975" VPOS="1920" WIDTH="16"/>
						<String ID="P5_ST00964" HPOS="1991" VPOS="1904" WIDTH="71" HEIGHT="17" CONTENT="name" WC="1.00" CC="0011"/>
						<SP ID="P5_SP00781" HPOS="2062" VPOS="1921" WIDTH="16"/>
						<String ID="P5_ST00965" HPOS="2078" VPOS="1897" WIDTH="48" HEIGHT="23" CONTENT="and" WC="1.00" CC="000"/>
						<SP ID="P5_SP00782" HPOS="2126" VPOS="1921" WIDTH="16"/>
						<String ID="P5_ST00966" HPOS="2142" VPOS="1897" WIDTH="100" HEIGHT="23" CONTENT="address" WC="1.00" CC="0000000"/>
						<SP ID="P5_SP00783" HPOS="2242" VPOS="1921" WIDTH="16"/>
						<String ID="P5_ST00967" HPOS="2258" VPOS="1897" WIDTH="28" HEIGHT="23" CONTENT="of" WC="0.98" CC="10"/>
						<SP ID="P5_SP00784" HPOS="2286" VPOS="1921" WIDTH="15"/>
						<String ID="P5_ST00968" HPOS="2301" VPOS="1897" WIDTH="40" HEIGHT="22" CONTENT="the" WC="1.00" CC="000"/>
						<SP ID="P5_SP00785" HPOS="2341" VPOS="1921" WIDTH="16"/>
						<String ID="P5_ST00969" HPOS="2357" VPOS="1904" WIDTH="42" HEIGHT="22" CONTENT="par" SUBS_TYPE="HypPart1" SUBS_CONTENT="parent" WC="1.00" CC="000"/>
						<HYP HPOS="2399" VPOS="1904" WIDTH="13" CONTENT="-"/>
					</TextLine>
					<TextLine ID="P5_TL00184" HPOS="1872" VPOS="1935" WIDTH="539" HEIGHT="30">
						<String ID="P5_ST00970" HPOS="1872" VPOS="1939" WIDTH="40" HEIGHT="19" CONTENT="ent" SUBS_TYPE="HypPart2" SUBS_CONTENT="parent" WC="1.00" CC="000"/>
						<SP ID="P5_SP00786" HPOS="1912" VPOS="1958" WIDTH="18"/>
						<String ID="P5_ST00971" HPOS="1930" VPOS="1943" WIDTH="27" HEIGHT="15" CONTENT="or" WC="1.00" CC="00"/>
						<SP ID="P5_SP00787" HPOS="1957" VPOS="1958" WIDTH="19"/>
						<String ID="P5_ST00972" HPOS="1976" VPOS="1936" WIDTH="125" HEIGHT="29" CONTENT="guardian." WC="1.00" CC="100110100"/>
						<SP ID="P5_SP00788" HPOS="2101" VPOS="1965" WIDTH="19"/>
						<String ID="P5_ST00973" HPOS="2120" VPOS="1936" WIDTH="108" HEIGHT="23" CONTENT="Courses" WC="1.00" CC="0100010"/>
						<SP ID="P5_SP00789" HPOS="2228" VPOS="1965" WIDTH="19"/>
						<String ID="P5_ST00974" HPOS="2247" VPOS="1935" WIDTH="72" HEIGHT="24" CONTENT="taken" WC="1.00" CC="00100"/>
						<SP ID="P5_SP00790" HPOS="2319" VPOS="1965" WIDTH="21"/>
						<String ID="P5_ST00975" HPOS="2340" VPOS="1936" WIDTH="71" HEIGHT="23" CONTENT="while" WC="1.00" CC="00001"/>
					</TextLine>
					<TextLine ID="P5_TL00185" HPOS="1872" VPOS="1974" WIDTH="538" HEIGHT="29">
						<String ID="P5_ST00976" HPOS="1872" VPOS="1974" WIDTH="23" HEIGHT="22" CONTENT="in" WC="1.00" CC="00"/>
						<SP ID="P5_SP00791" HPOS="1895" VPOS="1996" WIDTH="21"/>
						<String ID="P5_ST00977" HPOS="1916" VPOS="1974" WIDTH="56" HEIGHT="29" CONTENT="high" WC="1.00" CC="0000"/>
						<SP ID="P5_SP00792" HPOS="1972" VPOS="2003" WIDTH="21"/>
						<String ID="P5_ST00978" HPOS="1993" VPOS="1975" WIDTH="93" HEIGHT="24" CONTENT="school," WC="1.00" CC="1101100"/>
						<SP ID="P5_SP00793" HPOS="2086" VPOS="2003" WIDTH="22"/>
						<String ID="P5_ST00979" HPOS="2108" VPOS="1982" WIDTH="25" HEIGHT="16" CONTENT="as" WC="0.98" CC="01"/>
						<SP ID="P5_SP00794" HPOS="2133" VPOS="2003" WIDTH="21"/>
						<String ID="P5_ST00980" HPOS="2154" VPOS="1975" WIDTH="53" HEIGHT="22" CONTENT="well" WC="1.00" CC="1000"/>
						<SP ID="P5_SP00795" HPOS="2207" VPOS="2003" WIDTH="21"/>
						<String ID="P5_ST00981" HPOS="2228" VPOS="1982" WIDTH="26" HEIGHT="16" CONTENT="as" WC="1.00" CC="00"/>
						<SP ID="P5_SP00796" HPOS="2254" VPOS="2003" WIDTH="21"/>
						<String ID="P5_ST00982" HPOS="2275" VPOS="1975" WIDTH="40" HEIGHT="23" CONTENT="the" WC="1.00" CC="000"/>
						<SP ID="P5_SP00797" HPOS="2315" VPOS="2003" WIDTH="22"/>
						<String ID="P5_ST00983" HPOS="2337" VPOS="1981" WIDTH="73" HEIGHT="17" CONTENT="name" WC="0.99" CC="0005"/>
					</TextLine>
					<TextLine ID="P5_TL00186" HPOS="1872" VPOS="2013" WIDTH="539" HEIGHT="29">
						<String ID="P5_ST00984" HPOS="1872" VPOS="2013" WIDTH="48" HEIGHT="23" CONTENT="and" WC="1.00" CC="100"/>
						<SP ID="P5_SP00798" HPOS="1920" VPOS="2036" WIDTH="21"/>
						<String ID="P5_ST00985" HPOS="1941" VPOS="2013" WIDTH="106" HEIGHT="23" CONTENT="location" WC="1.00" CC="00010011"/>
						<SP ID="P5_SP00799" HPOS="2047" VPOS="2036" WIDTH="21"/>
						<String ID="P5_ST00986" HPOS="2068" VPOS="2013" WIDTH="28" HEIGHT="23" CONTENT="of" WC="1.00" CC="00"/>
						<SP ID="P5_SP00800" HPOS="2096" VPOS="2036" WIDTH="19"/>
						<String ID="P5_ST00987" HPOS="2115" VPOS="2014" WIDTH="40" HEIGHT="23" CONTENT="the" WC="0.99" CC="111"/>
						<SP ID="P5_SP00801" HPOS="2155" VPOS="2037" WIDTH="21"/>
						<String ID="P5_ST00988" HPOS="2176" VPOS="2013" WIDTH="57" HEIGHT="29" CONTENT="high" WC="1.00" CC="1010"/>
						<SP ID="P5_SP00802" HPOS="2233" VPOS="2042" WIDTH="22"/>
						<String ID="P5_ST00989" HPOS="2255" VPOS="2013" WIDTH="84" HEIGHT="23" CONTENT="school" WC="1.00" CC="010100"/>
						<SP ID="P5_SP00803" HPOS="2339" VPOS="2042" WIDTH="23"/>
						<String ID="P5_ST00990" HPOS="2362" VPOS="2013" WIDTH="49" HEIGHT="24" CONTENT="and" WC="1.00" CC="000"/>
					</TextLine>
					<TextLine ID="P5_TL00187" HPOS="1872" VPOS="2051" WIDTH="538" HEIGHT="30">
						<String ID="P5_ST00991" HPOS="1872" VPOS="2051" WIDTH="40" HEIGHT="24" CONTENT="the" WC="1.00" CC="100"/>
						<SP ID="P5_SP00804" HPOS="1912" VPOS="2075" WIDTH="22"/>
						<String ID="P5_ST00992" HPOS="1934" VPOS="2052" WIDTH="56" HEIGHT="23" CONTENT="date" WC="1.00" CC="0101"/>
						<SP ID="P5_SP00805" HPOS="1990" VPOS="2075" WIDTH="24"/>
						<String ID="P5_ST00993" HPOS="2014" VPOS="2052" WIDTH="27" HEIGHT="22" CONTENT="of" WC="0.98" CC="01"/>
						<SP ID="P5_SP00806" HPOS="2041" VPOS="2075" WIDTH="22"/>
						<String ID="P5_ST00994" HPOS="2063" VPOS="2052" WIDTH="145" HEIGHT="29" CONTENT="graduation" WC="1.00" CC="0000101010"/>
						<SP ID="P5_SP00807" HPOS="2208" VPOS="2081" WIDTH="25"/>
						<String ID="P5_ST00995" HPOS="2233" VPOS="2059" WIDTH="41" HEIGHT="16" CONTENT="are" WC="1.00" CC="000"/>
						<SP ID="P5_SP00808" HPOS="2274" VPOS="2081" WIDTH="23"/>
						<String ID="P5_ST00996" HPOS="2297" VPOS="2052" WIDTH="53" HEIGHT="23" CONTENT="also" WC="1.00" CC="0100"/>
						<SP ID="P5_SP00809" HPOS="2350" VPOS="2081" WIDTH="24"/>
						<String ID="P5_ST00997" HPOS="2374" VPOS="2059" WIDTH="24" HEIGHT="16" CONTENT="re" SUBS_TYPE="HypPart1" SUBS_CONTENT="required." WC="1.00" CC="00"/>
						<HYP HPOS="2398" VPOS="2059" WIDTH="12" CONTENT="-"/>
					</TextLine>
					<TextLine ID="P5_TL00188" HPOS="1872" VPOS="2090" WIDTH="94" HEIGHT="29">
						<String ID="P5_ST00998" HPOS="1872" VPOS="2090" WIDTH="94" HEIGHT="29" CONTENT="quired." SUBS_TYPE="HypPart2" SUBS_CONTENT="required." WC="1.00" CC="1110000"/>
					</TextLine>
					<TextLine ID="P5_TL00189" HPOS="1906" VPOS="2142" WIDTH="501" HEIGHT="29">
						<String ID="P5_ST00999" HPOS="1906" VPOS="2142" WIDTH="22" HEIGHT="22" CONTENT="A" WC="1.00" CC="0"/>
						<SP ID="P5_SP00810" HPOS="1928" VPOS="2164" WIDTH="13"/>
						<String ID="P5_ST01000" HPOS="1941" VPOS="2148" WIDTH="86" HEIGHT="16" CONTENT="course" WC="1.00" CC="100010"/>
						<SP ID="P5_SP00811" HPOS="2027" VPOS="2164" WIDTH="14"/>
						<String ID="P5_ST01001" HPOS="2041" VPOS="2142" WIDTH="156" HEIGHT="28" CONTENT="description," WC="1.00" CC="101001000100"/>
						<SP ID="P5_SP00812" HPOS="2197" VPOS="2170" WIDTH="14"/>
						<String ID="P5_ST01002" HPOS="2211" VPOS="2142" WIDTH="28" HEIGHT="22" CONTENT="its" WC="1.00" CC="000"/>
						<SP ID="P5_SP00813" HPOS="2239" VPOS="2170" WIDTH="14"/>
						<String ID="P5_ST01003" HPOS="2253" VPOS="2142" WIDTH="154" HEIGHT="29" CONTENT="department" WC="1.00" CC="1100011101"/>
					</TextLine>
					<TextLine ID="P5_TL00190" HPOS="1872" VPOS="2180" WIDTH="535" HEIGHT="23">
						<String ID="P5_ST01004" HPOS="1872" VPOS="2180" WIDTH="47" HEIGHT="23" CONTENT="and" WC="1.00" CC="110"/>
						<SP ID="P5_SP00814" HPOS="1919" VPOS="2203" WIDTH="17"/>
						<String ID="P5_ST01005" HPOS="1936" VPOS="2187" WIDTH="86" HEIGHT="16" CONTENT="course" WC="1.00" CC="100000"/>
						<SP ID="P5_SP00815" HPOS="2022" VPOS="2203" WIDTH="18"/>
						<String ID="P5_ST01006" HPOS="2040" VPOS="2180" WIDTH="104" HEIGHT="23" CONTENT="number" WC="1.00" CC="001100"/>
						<SP ID="P5_SP00816" HPOS="2144" VPOS="2203" WIDTH="16"/>
						<String ID="P5_ST01007" HPOS="2160" VPOS="2185" WIDTH="63" HEIGHT="18" CONTENT="must" WC="1.00" CC="1000"/>
						<SP ID="P5_SP00817" HPOS="2223" VPOS="2203" WIDTH="19"/>
						<String ID="P5_ST01008" HPOS="2242" VPOS="2180" WIDTH="29" HEIGHT="23" CONTENT="be" WC="0.94" CC="10"/>
						<SP ID="P5_SP00818" HPOS="2271" VPOS="2203" WIDTH="19"/>
						<String ID="P5_ST01009" HPOS="2290" VPOS="2180" WIDTH="68" HEIGHT="23" CONTENT="filled" WC="1.00" CC="000000"/>
						<SP ID="P5_SP00819" HPOS="2358" VPOS="2203" WIDTH="17"/>
						<String ID="P5_ST01010" HPOS="2375" VPOS="2180" WIDTH="32" HEIGHT="23" CONTENT="in." WC="1.00" CC="000"/>
					</TextLine>
					<TextLine ID="P5_TL00191" HPOS="1871" VPOS="2219" WIDTH="537" HEIGHT="29">
						<String ID="P5_ST01011" HPOS="1871" VPOS="2219" WIDTH="52" HEIGHT="22" CONTENT="The" WC="1.00" CC="011"/>
						<SP ID="P5_SP00820" HPOS="1923" VPOS="2241" WIDTH="19"/>
						<String ID="P5_ST01012" HPOS="1942" VPOS="2219" WIDTH="103" HEIGHT="23" CONTENT="number" WC="1.00" CC="000100"/>
						<SP ID="P5_SP00821" HPOS="2045" VPOS="2242" WIDTH="20"/>
						<String ID="P5_ST01013" HPOS="2065" VPOS="2219" WIDTH="27" HEIGHT="22" CONTENT="of" WC="0.98" CC="01"/>
						<SP ID="P5_SP00822" HPOS="2092" VPOS="2242" WIDTH="18"/>
						<String ID="P5_ST01014" HPOS="2110" VPOS="2219" WIDTH="74" HEIGHT="23" CONTENT="hours" WC="1.00" CC="01000"/>
						<SP ID="P5_SP00823" HPOS="2184" VPOS="2242" WIDTH="20"/>
						<String ID="P5_ST01015" HPOS="2204" VPOS="2219" WIDTH="143" HEIGHT="29" CONTENT="attempted," WC="1.00" CC="0000100000"/>
						<SP ID="P5_SP00824" HPOS="2347" VPOS="2248" WIDTH="22"/>
						<String ID="P5_ST01016" HPOS="2369" VPOS="2219" WIDTH="39" HEIGHT="24" CONTENT="the" WC="1.00" CC="101"/>
					</TextLine>
					<TextLine ID="P5_TL00192" HPOS="1872" VPOS="2258" WIDTH="536" HEIGHT="29">
						<String ID="P5_ST01017" HPOS="1872" VPOS="2258" WIDTH="73" HEIGHT="22" CONTENT="hours" WC="1.00" CC="00100"/>
						<SP ID="P5_SP00825" HPOS="1945" VPOS="2280" WIDTH="23"/>
						<String ID="P5_ST01018" HPOS="1968" VPOS="2258" WIDTH="94" HEIGHT="29" CONTENT="passed," WC="1.00" CC="0011100"/>
						<SP ID="P5_SP00826" HPOS="2062" VPOS="2287" WIDTH="23"/>
						<String ID="P5_ST01019" HPOS="2085" VPOS="2258" WIDTH="41" HEIGHT="23" CONTENT="the" WC="1.00" CC="001"/>
						<SP ID="P5_SP00827" HPOS="2126" VPOS="2287" WIDTH="22"/>
						<String ID="P5_ST01020" HPOS="2148" VPOS="2258" WIDTH="73" HEIGHT="29" CONTENT="grade" WC="1.00" CC="00100"/>
						<SP ID="P5_SP00828" HPOS="2221" VPOS="2287" WIDTH="23"/>
						<String ID="P5_ST01021" HPOS="2244" VPOS="2258" WIDTH="47" HEIGHT="23" CONTENT="and" WC="1.00" CC="100"/>
						<SP ID="P5_SP00829" HPOS="2291" VPOS="2287" WIDTH="24"/>
						<String ID="P5_ST01022" HPOS="2315" VPOS="2258" WIDTH="93" HEIGHT="29" CONTENT="quality" WC="1.00" CC="0010000"/>
					</TextLine>
					<TextLine ID="P5_TL00193" HPOS="1871" VPOS="2296" WIDTH="536" HEIGHT="29">
						<String ID="P5_ST01023" HPOS="1871" VPOS="2296" WIDTH="80" HEIGHT="29" CONTENT="points" WC="1.00" CC="001001"/>
						<SP ID="P5_SP00830" HPOS="1951" VPOS="2325" WIDTH="18"/>
						<String ID="P5_ST01024" HPOS="1969" VPOS="2296" WIDTH="28" HEIGHT="22" CONTENT="of" WC="1.00" CC="00"/>
						<SP ID="P5_SP00831" HPOS="1997" VPOS="2325" WIDTH="17"/>
						<String ID="P5_ST01025" HPOS="2014" VPOS="2296" WIDTH="60" HEIGHT="23" CONTENT="each" WC="1.00" CC="0000"/>
						<SP ID="P5_SP00832" HPOS="2074" VPOS="2325" WIDTH="19"/>
						<String ID="P5_ST01026" HPOS="2093" VPOS="2303" WIDTH="86" HEIGHT="16" CONTENT="course" WC="1.00" CC="001010"/>
						<SP ID="P5_SP00833" HPOS="2179" VPOS="2325" WIDTH="18"/>
						<String ID="P5_ST01027" HPOS="2197" VPOS="2297" WIDTH="19" HEIGHT="22" CONTENT="is" WC="1.00" CC="00"/>
						<SP ID="P5_SP00834" HPOS="2216" VPOS="2325" WIDTH="20"/>
						<String ID="P5_ST01028" HPOS="2236" VPOS="2296" WIDTH="51" HEIGHT="23" CONTENT="also" WC="1.00" CC="1000"/>
						<SP ID="P5_SP00835" HPOS="2287" VPOS="2325" WIDTH="19"/>
						<String ID="P5_ST01029" HPOS="2306" VPOS="2296" WIDTH="101" HEIGHT="23" CONTENT="needed." WC="1.00" CC="0001000"/>
					</TextLine>
					<TextLine ID="P5_TL00194" HPOS="1905" VPOS="2341" WIDTH="504" HEIGHT="29">
						<String ID="P5_ST01030" HPOS="1905" VPOS="2342" WIDTH="22" HEIGHT="21" CONTENT="A" WC="1.00" CC="0"/>
						<SP ID="P5_SP00836" HPOS="1927" VPOS="2363" WIDTH="22"/>
						<String ID="P5_ST01031" HPOS="1949" VPOS="2341" WIDTH="129" HEIGHT="23" CONTENT="scholastic" WC="1.00" CC="1000001000"/>
						<SP ID="P5_SP00837" HPOS="2078" VPOS="2364" WIDTH="22"/>
						<String ID="P5_ST01032" HPOS="2100" VPOS="2348" WIDTH="126" HEIGHT="22" CONTENT="summary" WC="1.00" CC="1000000"/>
						<SP ID="P5_SP00838" HPOS="2226" VPOS="2370" WIDTH="22"/>
						<String ID="P5_ST01033" HPOS="2248" VPOS="2341" WIDTH="28" HEIGHT="23" CONTENT="of" WC="0.98" CC="01"/>
						<SP ID="P5_SP00839" HPOS="2276" VPOS="2370" WIDTH="21"/>
						<String ID="P5_ST01034" HPOS="2297" VPOS="2341" WIDTH="41" HEIGHT="23" CONTENT="the" WC="1.00" CC="100"/>
						<SP ID="P5_SP00840" HPOS="2338" VPOS="2370" WIDTH="22"/>
						<String ID="P5_ST01035" HPOS="2360" VPOS="2345" WIDTH="37" HEIGHT="19" CONTENT="stu" SUBS_TYPE="HypPart1" SUBS_CONTENT="student" WC="1.00" CC="000"/>
						<HYP HPOS="2397" VPOS="2345" WIDTH="12" CONTENT="-"/>
					</TextLine>
					<TextLine ID="P5_TL00195" HPOS="1870" VPOS="2379" WIDTH="538" HEIGHT="30">
						<String ID="P5_ST01036" HPOS="1870" VPOS="2380" WIDTH="57" HEIGHT="22" CONTENT="dent" SUBS_TYPE="HypPart2" SUBS_CONTENT="student" WC="1.00" CC="1000"/>
						<SP ID="P5_SP00841" HPOS="1927" VPOS="2402" WIDTH="18"/>
						<String ID="P5_ST01037" HPOS="1945" VPOS="2380" WIDTH="18" HEIGHT="22" CONTENT="is" WC="1.00" CC="00"/>
						<SP ID="P5_SP00842" HPOS="1963" VPOS="2402" WIDTH="17"/>
						<String ID="P5_ST01038" HPOS="1980" VPOS="2379" WIDTH="70" HEIGHT="30" CONTENT="given" WC="1.00" CC="10000"/>
						<SP ID="P5_SP00843" HPOS="2050" VPOS="2409" WIDTH="18"/>
						<String ID="P5_ST01039" HPOS="2068" VPOS="2384" WIDTH="24" HEIGHT="19" CONTENT="at" WC="0.98" CC="10"/>
						<SP ID="P5_SP00844" HPOS="2092" VPOS="2409" WIDTH="17"/>
						<String ID="P5_ST01040" HPOS="2109" VPOS="2380" WIDTH="39" HEIGHT="23" CONTENT="the" WC="1.00" CC="000"/>
						<SP ID="P5_SP00845" HPOS="2148" VPOS="2409" WIDTH="16"/>
						<String ID="P5_ST01041" HPOS="2164" VPOS="2380" WIDTH="49" HEIGHT="23" CONTENT="end" WC="1.00" CC="000"/>
						<SP ID="P5_SP00846" HPOS="2213" VPOS="2409" WIDTH="17"/>
						<String ID="P5_ST01042" HPOS="2230" VPOS="2379" WIDTH="28" HEIGHT="23" CONTENT="of" WC="1.00" CC="00"/>
						<SP ID="P5_SP00847" HPOS="2258" VPOS="2409" WIDTH="16"/>
						<String ID="P5_ST01043" HPOS="2274" VPOS="2380" WIDTH="40" HEIGHT="23" CONTENT="the" WC="1.00" CC="000"/>
						<SP ID="P5_SP00848" HPOS="2314" VPOS="2409" WIDTH="16"/>
						<String ID="P5_ST01044" HPOS="2330" VPOS="2385" WIDTH="65" HEIGHT="18" CONTENT="trans" SUBS_TYPE="HypPart1" SUBS_CONTENT="transcript" WC="1.00" CC="00001"/>
						<HYP HPOS="2395" VPOS="2385" WIDTH="13" CONTENT="-"/>
					</TextLine>
					<TextLine ID="P5_TL00196" HPOS="1871" VPOS="2418" WIDTH="537" HEIGHT="30">
						<String ID="P5_ST01045" HPOS="1871" VPOS="2418" WIDTH="62" HEIGHT="29" CONTENT="cript" SUBS_TYPE="HypPart2" SUBS_CONTENT="transcript" WC="1.00" CC="00000"/>
						<SP ID="P5_SP00849" HPOS="1933" VPOS="2447" WIDTH="21"/>
						<String ID="P5_ST01046" HPOS="1954" VPOS="2418" WIDTH="126" HEIGHT="30" CONTENT="including" WC="1.00" CC="000000011"/>
						<SP ID="P5_SP00850" HPOS="2080" VPOS="2448" WIDTH="18"/>
						<String ID="P5_ST01047" HPOS="2098" VPOS="2418" WIDTH="43" HEIGHT="23" CONTENT="the" WC="1.00" CC="001"/>
						<SP ID="P5_SP00851" HPOS="2141" VPOS="2448" WIDTH="19"/>
						<String ID="P5_ST01048" HPOS="2160" VPOS="2419" WIDTH="90" HEIGHT="29" CONTENT="degree" WC="1.00" CC="000110"/>
						<SP ID="P5_SP00852" HPOS="2250" VPOS="2448" WIDTH="19"/>
						<String ID="P5_ST01049" HPOS="2269" VPOS="2418" WIDTH="139" HEIGHT="27" CONTENT="conferred," WC="1.00" CC="1000100001"/>
					</TextLine>
					<TextLine ID="P5_TL00197" HPOS="1870" VPOS="2456" WIDTH="537" HEIGHT="30">
						<String ID="P5_ST01050" HPOS="1870" VPOS="2457" WIDTH="56" HEIGHT="23" CONTENT="date" WC="1.00" CC="0000"/>
						<SP ID="P5_SP00853" HPOS="1926" VPOS="2480" WIDTH="16"/>
						<String ID="P5_ST01051" HPOS="1942" VPOS="2457" WIDTH="28" HEIGHT="23" CONTENT="of" WC="1.00" CC="00"/>
						<SP ID="P5_SP00854" HPOS="1970" VPOS="2480" WIDTH="16"/>
						<String ID="P5_ST01052" HPOS="1986" VPOS="2456" WIDTH="153" HEIGHT="30" CONTENT="graduation," WC="1.00" CC="10000000101"/>
						<SP ID="P5_SP00855" HPOS="2139" VPOS="2486" WIDTH="19"/>
						<String ID="P5_ST01053" HPOS="2158" VPOS="2457" WIDTH="78" HEIGHT="29" CONTENT="major" WC="1.00" CC="10000"/>
						<SP ID="P5_SP00856" HPOS="2236" VPOS="2486" WIDTH="17"/>
						<String ID="P5_ST01054" HPOS="2253" VPOS="2457" WIDTH="49" HEIGHT="23" CONTENT="and" WC="1.00" CC="000"/>
						<SP ID="P5_SP00857" HPOS="2302" VPOS="2486" WIDTH="18"/>
						<String ID="P5_ST01055" HPOS="2320" VPOS="2457" WIDTH="87" HEIGHT="27" CONTENT="minor," WC="1.00" CC="000001"/>
					</TextLine>
					<TextLine ID="P5_TL00198" HPOS="1870" VPOS="2495" WIDTH="540" HEIGHT="28">
						<String ID="P5_ST01056" HPOS="1870" VPOS="2495" WIDTH="203" HEIGHT="28" CONTENT="comprehensive" WC="1.00" CC="1010000000000"/>
						<SP ID="P5_SP00858" HPOS="2073" VPOS="2523" WIDTH="15"/>
						<String ID="P5_ST01057" HPOS="2088" VPOS="2503" WIDTH="80" HEIGHT="19" CONTENT="exam," WC="1.00" CC="01111"/>
						<SP ID="P5_SP00859" HPOS="2168" VPOS="2523" WIDTH="17"/>
						<String ID="P5_ST01058" HPOS="2185" VPOS="2496" WIDTH="59" HEIGHT="23" CONTENT="total" WC="1.00" CC="01000"/>
						<SP ID="P5_SP00860" HPOS="2244" VPOS="2523" WIDTH="17"/>
						<String ID="P5_ST01059" HPOS="2261" VPOS="2495" WIDTH="106" HEIGHT="23" CONTENT="number" WC="1.00" CC="000010"/>
						<SP ID="P5_SP00861" HPOS="2367" VPOS="2523" WIDTH="15"/>
						<String ID="P5_ST01060" HPOS="2382" VPOS="2495" WIDTH="28" HEIGHT="24" CONTENT="of" WC="0.94" CC="11"/>
					</TextLine>
				</TextBlock>
				<TextBlock ID="P5_TB00017" HPOS="2455" VPOS="1444" WIDTH="547" HEIGHT="230" STYLEREFS="TXT_4 PAR_LEFT">
					<TextLine ID="P5_TL00199" HPOS="2459" VPOS="1444" WIDTH="541" HEIGHT="28">
						<String ID="P5_ST01061" HPOS="2459" VPOS="1447" WIDTH="117" HEIGHT="19" CONTENT="semester" WC="1.00" CC="00111000"/>
						<SP ID="P5_SP00862" HPOS="2576" VPOS="1466" WIDTH="25"/>
						<String ID="P5_ST01062" HPOS="2601" VPOS="1444" WIDTH="81" HEIGHT="24" CONTENT="hours," WC="1.00" CC="000000"/>
						<SP ID="P5_SP00863" HPOS="2682" VPOS="1468" WIDTH="27"/>
						<String ID="P5_ST01063" HPOS="2709" VPOS="1444" WIDTH="58" HEIGHT="22" CONTENT="total" WC="1.00" CC="10010"/>
						<SP ID="P5_SP00864" HPOS="2767" VPOS="1468" WIDTH="26"/>
						<String ID="P5_ST01064" HPOS="2793" VPOS="1444" WIDTH="93" HEIGHT="28" CONTENT="quality" WC="1.00" CC="1010111"/>
						<SP ID="P5_SP00865" HPOS="2886" VPOS="1472" WIDTH="26"/>
						<String ID="P5_ST01065" HPOS="2912" VPOS="1444" WIDTH="88" HEIGHT="27" CONTENT="points," WC="1.00" CC="0000000"/>
					</TextLine>
					<TextLine ID="P5_TL00200" HPOS="2459" VPOS="1481" WIDTH="541" HEIGHT="30">
						<String ID="P5_ST01066" HPOS="2459" VPOS="1482" WIDTH="145" HEIGHT="29" CONTENT="point-hour" WC="1.00" CC="0000101000"/>
						<SP ID="P5_SP00866" HPOS="2604" VPOS="1511" WIDTH="22"/>
						<String ID="P5_ST01067" HPOS="2626" VPOS="1481" WIDTH="70" HEIGHT="27" CONTENT="ratio," WC="1.00" CC="000001"/>
						<SP ID="P5_SP00867" HPOS="2696" VPOS="1511" WIDTH="22"/>
						<String ID="P5_ST01068" HPOS="2718" VPOS="1481" WIDTH="73" HEIGHT="24" CONTENT="thesis" WC="1.00" CC="100000"/>
						<SP ID="P5_SP00868" HPOS="2791" VPOS="1511" WIDTH="23"/>
						<String ID="P5_ST01069" HPOS="2814" VPOS="1481" WIDTH="48" HEIGHT="23" CONTENT="and" WC="1.00" CC="100"/>
						<SP ID="P5_SP00869" HPOS="2862" VPOS="1511" WIDTH="22"/>
						<String ID="P5_ST01070" HPOS="2884" VPOS="1481" WIDTH="40" HEIGHT="23" CONTENT="the" WC="1.00" CC="000"/>
						<SP ID="P5_SP00870" HPOS="2924" VPOS="1511" WIDTH="23"/>
						<String ID="P5_ST01071" HPOS="2947" VPOS="1481" WIDTH="53" HEIGHT="24" CONTENT="first" WC="1.00" CC="00101"/>
					</TextLine>
					<TextLine ID="P5_TL00201" HPOS="2460" VPOS="1520" WIDTH="231" HEIGHT="29">
						<String ID="P5_ST01072" HPOS="2460" VPOS="1520" WIDTH="130" HEIGHT="29" CONTENT="transcript" WC="1.00" CC="0010120010"/>
						<SP ID="P5_SP00871" HPOS="2590" VPOS="1549" WIDTH="14"/>
						<String ID="P5_ST01073" HPOS="2604" VPOS="1520" WIDTH="87" HEIGHT="23" CONTENT="issued." WC="1.00" CC="0000000"/>
					</TextLine>
					<TextLine ID="P5_TL00202" HPOS="2493" VPOS="1565" WIDTH="507" HEIGHT="30">
						<String ID="P5_ST01074" HPOS="2493" VPOS="1566" WIDTH="53" HEIGHT="23" CONTENT="The" WC="1.00" CC="001"/>
						<SP ID="P5_SP00872" HPOS="2546" VPOS="1589" WIDTH="13"/>
						<String ID="P5_ST01075" HPOS="2559" VPOS="1565" WIDTH="153" HEIGHT="29" CONTENT="university's" WC="1.00" CC="001010101010"/>
						<SP ID="P5_SP00873" HPOS="2712" VPOS="1594" WIDTH="12"/>
						<String ID="P5_ST01076" HPOS="2724" VPOS="1565" WIDTH="82" HEIGHT="30" CONTENT="policy" WC="1.00" CC="000000"/>
						<SP ID="P5_SP00874" HPOS="2806" VPOS="1595" WIDTH="12"/>
						<String ID="P5_ST01077" HPOS="2818" VPOS="1572" WIDTH="32" HEIGHT="15" CONTENT="on" WC="0.94" CC="01"/>
						<SP ID="P5_SP00875" HPOS="2850" VPOS="1595" WIDTH="12"/>
						<String ID="P5_ST01078" HPOS="2862" VPOS="1565" WIDTH="83" HEIGHT="29" CONTENT="giving" WC="1.00" CC="100101"/>
						<SP ID="P5_SP00876" HPOS="2945" VPOS="1595" WIDTH="11"/>
						<String ID="P5_ST01079" HPOS="2956" VPOS="1569" WIDTH="44" HEIGHT="19" CONTENT="out" WC="1.00" CC="010"/>
					</TextLine>
					<TextLine ID="P5_TL00203" HPOS="2459" VPOS="1604" WIDTH="541" HEIGHT="29">
						<String ID="P5_ST01080" HPOS="2459" VPOS="1604" WIDTH="143" HEIGHT="29" CONTENT="transcripts" WC="1.00" CC="10001001001"/>
						<SP ID="P5_SP00877" HPOS="2602" VPOS="1633" WIDTH="25"/>
						<String ID="P5_ST01081" HPOS="2627" VPOS="1604" WIDTH="18" HEIGHT="23" CONTENT="is" WC="0.96" CC="01"/>
						<SP ID="P5_SP00878" HPOS="2645" VPOS="1633" WIDTH="25"/>
						<String ID="P5_ST01082" HPOS="2670" VPOS="1604" WIDTH="51" HEIGHT="23" CONTENT="that" WC="1.00" CC="1000"/>
						<SP ID="P5_SP00879" HPOS="2721" VPOS="1633" WIDTH="24"/>
						<String ID="P5_ST01083" HPOS="2745" VPOS="1604" WIDTH="111" HEIGHT="23" CONTENT="students" WC="1.00" CC="00010001"/>
						<SP ID="P5_SP00880" HPOS="2856" VPOS="1633" WIDTH="23"/>
						<String ID="P5_ST01084" HPOS="2879" VPOS="1610" WIDTH="57" HEIGHT="23" CONTENT="may" WC="1.00" CC="000"/>
						<SP ID="P5_SP00881" HPOS="2936" VPOS="1633" WIDTH="24"/>
						<String ID="P5_ST01085" HPOS="2960" VPOS="1610" WIDTH="40" HEIGHT="17" CONTENT="see" WC="1.00" CC="100"/>
					</TextLine>
					<TextLine ID="P5_TL00204" HPOS="2458" VPOS="1642" WIDTH="541" HEIGHT="29">
						<String ID="P5_ST01086" HPOS="2458" VPOS="1643" WIDTH="62" HEIGHT="23" CONTENT="their" WC="1.00" CC="10200"/>
						<SP ID="P5_SP00882" HPOS="2520" VPOS="1666" WIDTH="13"/>
						<String ID="P5_ST01087" HPOS="2533" VPOS="1642" WIDTH="127" HEIGHT="23" CONTENT="academic" WC="1.00" CC="41120001"/>
						<SP ID="P5_SP00883" HPOS="2660" VPOS="1666" WIDTH="14"/>
						<String ID="P5_ST01088" HPOS="2674" VPOS="1642" WIDTH="86" HEIGHT="23" CONTENT="record" WC="1.00" CC="000101"/>
						<SP ID="P5_SP00884" HPOS="2760" VPOS="1666" WIDTH="14"/>
						<String ID="P5_ST01089" HPOS="2774" VPOS="1646" WIDTH="22" HEIGHT="19" CONTENT="at" WC="1.00" CC="00"/>
						<SP ID="P5_SP00885" HPOS="2796" VPOS="1666" WIDTH="15"/>
						<String ID="P5_ST01090" HPOS="2811" VPOS="1649" WIDTH="47" HEIGHT="22" CONTENT="any" WC="1.00" CC="001"/>
						<SP ID="P5_SP00886" HPOS="2858" VPOS="1671" WIDTH="14"/>
						<String ID="P5_ST01091" HPOS="2872" VPOS="1642" WIDTH="57" HEIGHT="23" CONTENT="time" WC="1.00" CC="0000"/>
						<SP ID="P5_SP00887" HPOS="2929" VPOS="1671" WIDTH="15"/>
						<String ID="P5_ST01092" HPOS="2944" VPOS="1649" WIDTH="42" HEIGHT="22" CONTENT="pro" SUBS_TYPE="HypPart1" SUBS_CONTENT="provided" WC="1.00" CC="000"/>
						<HYP HPOS="2986" VPOS="1649" WIDTH="13" CONTENT="-"/>
					</TextLine>
				</TextBlock>
				<TextBlock ID="P5_TB00018" HPOS="3040" VPOS="1444" WIDTH="546" HEIGHT="231" STYLEREFS="TXT_4 PAR_LEFT">
					<TextLine ID="P5_TL00205" HPOS="3044" VPOS="1444" WIDTH="541" HEIGHT="29">
						<String ID="P5_ST01093" HPOS="3044" VPOS="1444" WIDTH="71" HEIGHT="23" CONTENT="vided" SUBS_TYPE="HypPart2" SUBS_CONTENT="provided" WC="0.98" CC="00001"/>
						<SP ID="P5_SP00888" HPOS="3115" VPOS="1467" WIDTH="19"/>
						<String ID="P5_ST01094" HPOS="3134" VPOS="1444" WIDTH="57" HEIGHT="29" CONTENT="they" WC="1.00" CC="0010"/>
						<SP ID="P5_SP00889" HPOS="3191" VPOS="1473" WIDTH="20"/>
						<String ID="P5_ST01095" HPOS="3211" VPOS="1448" WIDTH="96" HEIGHT="25" CONTENT="present" WC="1.00" CC="1011100"/>
						<SP ID="P5_SP00890" HPOS="3307" VPOS="1473" WIDTH="20"/>
						<String ID="P5_ST01096" HPOS="3327" VPOS="1444" WIDTH="43" HEIGHT="23" CONTENT="the" WC="1.00" CC="000"/>
						<SP ID="P5_SP00891" HPOS="3370" VPOS="1473" WIDTH="18"/>
						<String ID="P5_ST01097" HPOS="3388" VPOS="1451" WIDTH="90" HEIGHT="22" CONTENT="proper" WC="1.00" CC="000020"/>
						<SP ID="P5_SP00892" HPOS="3478" VPOS="1473" WIDTH="21"/>
						<String ID="P5_ST01098" HPOS="3499" VPOS="1444" WIDTH="74" HEIGHT="23" CONTENT="identi" SUBS_TYPE="HypPart1" SUBS_CONTENT="identification" WC="1.00" CC="000000"/>
						<HYP HPOS="3573" VPOS="1444" WIDTH="12" CONTENT="-"/>
					</TextLine>
					<TextLine ID="P5_TL00206" HPOS="3046" VPOS="1482" WIDTH="431" HEIGHT="30">
						<String ID="P5_ST01099" HPOS="3046" VPOS="1482" WIDTH="99" HEIGHT="23" CONTENT="fication" SUBS_TYPE="HypPart2" SUBS_CONTENT="identification" WC="1.00" CC="00001010"/>
						<SP ID="P5_SP00893" HPOS="3145" VPOS="1505" WIDTH="14"/>
						<String ID="P5_ST01100" HPOS="3159" VPOS="1486" WIDTH="23" HEIGHT="19" CONTENT="at" WC="1.00" CC="00"/>
						<SP ID="P5_SP00894" HPOS="3182" VPOS="1505" WIDTH="13"/>
						<String ID="P5_ST01101" HPOS="3195" VPOS="1482" WIDTH="39" HEIGHT="23" CONTENT="the" WC="1.00" CC="001"/>
						<SP ID="P5_SP00895" HPOS="3234" VPOS="1505" WIDTH="14"/>
						<String ID="P5_ST01102" HPOS="3248" VPOS="1482" WIDTH="132" HEIGHT="30" CONTENT="registrar's" WC="1.00" CC="00001000011"/>
						<SP ID="P5_SP00896" HPOS="3380" VPOS="1512" WIDTH="12"/>
						<String ID="P5_ST01103" HPOS="3392" VPOS="1482" WIDTH="85" HEIGHT="23" CONTENT="office." WC="1.00" CC="0000010"/>
					</TextLine>
					<TextLine ID="P5_TL00207" HPOS="3077" VPOS="1527" WIDTH="507" HEIGHT="29">
						<String ID="P5_ST01104" HPOS="3077" VPOS="1527" WIDTH="115" HEIGHT="23" CONTENT="Students" WC="1.00" CC="01000001"/>
						<SP ID="P5_SP00897" HPOS="3192" VPOS="1550" WIDTH="15"/>
						<String ID="P5_ST01105" HPOS="3207" VPOS="1534" WIDTH="29" HEIGHT="16" CONTENT="or" WC="1.00" CC="00"/>
						<SP ID="P5_SP00898" HPOS="3236" VPOS="1550" WIDTH="17"/>
						<String ID="P5_ST01106" HPOS="3253" VPOS="1531" WIDTH="98" HEIGHT="25" CONTENT="parents" WC="1.00" CC="0210011"/>
						<SP ID="P5_SP00899" HPOS="3351" VPOS="1556" WIDTH="17"/>
						<String ID="P5_ST01107" HPOS="3368" VPOS="1527" WIDTH="28" HEIGHT="23" CONTENT="of" WC="0.96" CC="10"/>
						<SP ID="P5_SP00900" HPOS="3396" VPOS="1556" WIDTH="15"/>
						<String ID="P5_ST01108" HPOS="3411" VPOS="1527" WIDTH="112" HEIGHT="23" CONTENT="students" WC="1.00" CC="21001001"/>
						<SP ID="P5_SP00901" HPOS="3523" VPOS="1556" WIDTH="17"/>
						<String ID="P5_ST01109" HPOS="3540" VPOS="1534" WIDTH="30" HEIGHT="16" CONTENT="un" SUBS_TYPE="HypPart1" SUBS_CONTENT="under" WC="1.00" CC="00"/>
						<HYP HPOS="3570" VPOS="1534" WIDTH="14" CONTENT="-"/>
					</TextLine>
					<TextLine ID="P5_TL00208" HPOS="3043" VPOS="1566" WIDTH="541" HEIGHT="29">
						<String ID="P5_ST01110" HPOS="3043" VPOS="1566" WIDTH="43" HEIGHT="23" CONTENT="der" SUBS_TYPE="HypPart2" SUBS_CONTENT="under" WC="1.00" CC="000"/>
						<SP ID="P5_SP00902" HPOS="3086" VPOS="1589" WIDTH="19"/>
						<String ID="P5_ST01111" HPOS="3105" VPOS="1566" WIDTH="28" HEIGHT="23" CONTENT="21" WC="1.00" CC="00"/>
						<SP ID="P5_SP00903" HPOS="3133" VPOS="1589" WIDTH="23"/>
						<String ID="P5_ST01112" HPOS="3156" VPOS="1573" WIDTH="40" HEIGHT="16" CONTENT="are" WC="1.00" CC="001"/>
						<SP ID="P5_SP00904" HPOS="3196" VPOS="1589" WIDTH="21"/>
						<String ID="P5_ST01113" HPOS="3217" VPOS="1566" WIDTH="143" HEIGHT="23" CONTENT="authorized" WC="1.00" CC="0100100100"/>
						<SP ID="P5_SP00905" HPOS="3360" VPOS="1589" WIDTH="18"/>
						<String ID="P5_ST01114" HPOS="3378" VPOS="1570" WIDTH="28" HEIGHT="19" CONTENT="to" WC="0.98" CC="01"/>
						<SP ID="P5_SP00906" HPOS="3406" VPOS="1589" WIDTH="20"/>
						<String ID="P5_ST01115" HPOS="3426" VPOS="1570" WIDTH="97" HEIGHT="25" CONTENT="request" WC="1.00" CC="0010010"/>
						<SP ID="P5_SP00907" HPOS="3523" VPOS="1595" WIDTH="19"/>
						<String ID="P5_ST01116" HPOS="3542" VPOS="1566" WIDTH="42" HEIGHT="23" CONTENT="the" WC="1.00" CC="101"/>
					</TextLine>
					<TextLine ID="P5_TL00209" HPOS="3044" VPOS="1604" WIDTH="539" HEIGHT="30">
						<String ID="P5_ST01117" HPOS="3044" VPOS="1605" WIDTH="90" HEIGHT="23" CONTENT="release" WC="1.00" CC="1001001"/>
						<SP ID="P5_SP00908" HPOS="3134" VPOS="1628" WIDTH="22"/>
						<String ID="P5_ST01118" HPOS="3156" VPOS="1605" WIDTH="28" HEIGHT="22" CONTENT="of" WC="0.98" CC="01"/>
						<SP ID="P5_SP00909" HPOS="3184" VPOS="1628" WIDTH="22"/>
						<String ID="P5_ST01119" HPOS="3206" VPOS="1612" WIDTH="13" HEIGHT="16" CONTENT="a" WC="0.96" CC="1"/>
						<SP ID="P5_SP00910" HPOS="3219" VPOS="1628" WIDTH="23"/>
						<String ID="P5_ST01120" HPOS="3242" VPOS="1605" WIDTH="137" HEIGHT="29" CONTENT="transcript." WC="1.00" CC="00101101010"/>
						<SP ID="P5_SP00911" HPOS="3379" VPOS="1634" WIDTH="24"/>
						<String ID="P5_ST01121" HPOS="3403" VPOS="1604" WIDTH="59" HEIGHT="24" CONTENT="This" WC="1.00" CC="0001"/>
						<SP ID="P5_SP00912" HPOS="3462" VPOS="1634" WIDTH="24"/>
						<String ID="P5_ST01122" HPOS="3486" VPOS="1608" WIDTH="97" HEIGHT="26" CONTENT="request" WC="1.00" CC="0010020"/>
					</TextLine>
					<TextLine ID="P5_TL00210" HPOS="3045" VPOS="1643" WIDTH="401" HEIGHT="29">
						<String ID="P5_ST01123" HPOS="3045" VPOS="1648" WIDTH="62" HEIGHT="18" CONTENT="must" WC="1.00" CC="0120"/>
						<SP ID="P5_SP00913" HPOS="3107" VPOS="1666" WIDTH="14"/>
						<String ID="P5_ST01124" HPOS="3121" VPOS="1643" WIDTH="29" HEIGHT="24" CONTENT="he" WC="0.96" CC="10"/>
						<SP ID="P5_SP00914" HPOS="3150" VPOS="1667" WIDTH="12"/>
						<String ID="P5_ST01125" HPOS="3162" VPOS="1643" WIDTH="132" HEIGHT="23" CONTENT="submitted" WC="1.00" CC="001000001"/>
						<SP ID="P5_SP00915" HPOS="3294" VPOS="1667" WIDTH="13"/>
						<String ID="P5_ST01126" HPOS="3307" VPOS="1644" WIDTH="23" HEIGHT="22" CONTENT="in" WC="0.94" CC="10"/>
						<SP ID="P5_SP00916" HPOS="3330" VPOS="1667" WIDTH="14"/>
						<String ID="P5_ST01127" HPOS="3344" VPOS="1643" WIDTH="102" HEIGHT="29" CONTENT="writing." WC="1.00" CC="10001010"/>
					</TextLine>
				</TextBlock>
				<TextBlock ID="P5_TB00019" HPOS="2521" VPOS="1764" WIDTH="997" HEIGHT="201" STYLEREFS="TXT_8 PAR_LEFT">
					<TextLine ID="P5_TL00211" HPOS="2521" VPOS="1765" WIDTH="997" HEIGHT="78">
						<String ID="P5_ST01128" HPOS="2521" VPOS="1766" WIDTH="345" HEIGHT="77" CONTENT="Admissions" WC="1.00" CC="0000000000"/>
						<SP ID="P5_SP00917" HPOS="2866" VPOS="1843" WIDTH="46"/>
						<String ID="P5_ST01129" HPOS="2912" VPOS="1765" WIDTH="241" HEIGHT="76" CONTENT="director" WC="1.00" CC="01000000"/>
						<SP ID="P5_SP00918" HPOS="3153" VPOS="1843" WIDTH="44"/>
						<String ID="P5_ST01130" HPOS="3197" VPOS="1790" WIDTH="321" HEIGHT="51" CONTENT="announces" WC="1.00" CC="000011000"/>
					</TextLine>
					<TextLine ID="P5_TL00212" HPOS="2521" VPOS="1868" WIDTH="997" HEIGHT="97">
						<String ID="P5_ST01131" HPOS="2521" VPOS="1870" WIDTH="290" HEIGHT="77" CONTENT="freshman" WC="1.00" CC="10000010"/>
						<SP ID="P5_SP00919" HPOS="2811" VPOS="1947" WIDTH="28"/>
						<String ID="P5_ST01132" HPOS="2839" VPOS="1870" WIDTH="146" HEIGHT="76" CONTENT="class" WC="1.00" CC="01000"/>
						<SP ID="P5_SP00920" HPOS="2985" VPOS="1947" WIDTH="27"/>
						<String ID="P5_ST01133" HPOS="3012" VPOS="1869" WIDTH="62" HEIGHT="77" CONTENT="of" WC="0.98" CC="01"/>
						<SP ID="P5_SP00921" HPOS="3074" VPOS="1947" WIDTH="24"/>
						<String ID="P5_ST01134" HPOS="3098" VPOS="1874" WIDTH="121" HEIGHT="72" CONTENT="356" WC="1.00" CC="000"/>
						<SP ID="P5_SP00922" HPOS="3219" VPOS="1947" WIDTH="27"/>
						<String ID="P5_ST01135" HPOS="3246" VPOS="1868" WIDTH="272" HEIGHT="97" CONTENT="expected" WC="1.00" CC="00100000"/>
					</TextLine>
				</TextBlock>
				<TextBlock ID="P5_TB00020" HPOS="2452" VPOS="1995" WIDTH="548" HEIGHT="529" STYLEREFS="TXT_4 PAR_BLOCK">
					<TextLine ID="P5_TL00213" HPOS="2489" VPOS="1996" WIDTH="508" HEIGHT="29">
						<String ID="P5_ST01136" HPOS="2489" VPOS="1997" WIDTH="143" HEIGHT="28" CONTENT="According" WC="1.00" CC="000100000"/>
						<SP ID="P5_SP00923" HPOS="2632" VPOS="2025" WIDTH="24"/>
						<String ID="P5_ST01137" HPOS="2656" VPOS="2001" WIDTH="26" HEIGHT="18" CONTENT="to" WC="1.00" CC="00"/>
						<SP ID="P5_SP00924" HPOS="2682" VPOS="2025" WIDTH="25"/>
						<String ID="P5_ST01138" HPOS="2707" VPOS="2001" WIDTH="97" HEIGHT="24" CONTENT="present" WC="1.00" CC="0011001"/>
						<SP ID="P5_SP00925" HPOS="2804" VPOS="2025" WIDTH="27"/>
						<String ID="P5_ST01139" HPOS="2831" VPOS="1996" WIDTH="98" HEIGHT="29" CONTENT="figures," WC="1.00" CC="00000001"/>
						<SP ID="P5_SP00926" HPOS="2929" VPOS="2025" WIDTH="26"/>
						<String ID="P5_ST01140" HPOS="2955" VPOS="2003" WIDTH="28" HEIGHT="22" CONTENT="ap" SUBS_TYPE="HypPart1" SUBS_CONTENT="approximately" WC="1.00" CC="00"/>
						<HYP HPOS="2983" VPOS="2003" WIDTH="14" CONTENT="-"/>
					</TextLine>
					<TextLine ID="P5_TL00214" HPOS="2453" VPOS="2034" WIDTH="544" HEIGHT="30">
						<String ID="P5_ST01141" HPOS="2453" VPOS="2035" WIDTH="164" HEIGHT="29" CONTENT="proximately" SUBS_TYPE="HypPart2" SUBS_CONTENT="approximately" WC="1.00" CC="01000001000"/>
						<SP ID="P5_SP00927" HPOS="2617" VPOS="2064" WIDTH="33"/>
						<String ID="P5_ST01142" HPOS="2650" VPOS="2035" WIDTH="49" HEIGHT="23" CONTENT="356" WC="1.00" CC="000"/>
						<SP ID="P5_SP00928" HPOS="2699" VPOS="2064" WIDTH="30"/>
						<String ID="P5_ST01143" HPOS="2729" VPOS="2034" WIDTH="126" HEIGHT="24" CONTENT="freshman" WC="1.00" CC="00011100"/>
						<SP ID="P5_SP00929" HPOS="2855" VPOS="2064" WIDTH="32"/>
						<String ID="P5_ST01144" HPOS="2887" VPOS="2034" WIDTH="110" HEIGHT="23" CONTENT="students" WC="1.00" CC="10010010"/>
					</TextLine>
					<TextLine ID="P5_TL00215" HPOS="2453" VPOS="2073" WIDTH="543" HEIGHT="24">
						<String ID="P5_ST01145" HPOS="2453" VPOS="2073" WIDTH="47" HEIGHT="23" CONTENT="will" WC="1.00" CC="0001"/>
						<SP ID="P5_SP00930" HPOS="2500" VPOS="2096" WIDTH="18"/>
						<String ID="P5_ST01146" HPOS="2518" VPOS="2073" WIDTH="30" HEIGHT="24" CONTENT="be" WC="0.91" CC="12"/>
						<SP ID="P5_SP00931" HPOS="2548" VPOS="2097" WIDTH="18"/>
						<String ID="P5_ST01147" HPOS="2566" VPOS="2073" WIDTH="119" HEIGHT="24" CONTENT="admitted" WC="1.00" CC="10000100"/>
						<SP ID="P5_SP00932" HPOS="2685" VPOS="2097" WIDTH="19"/>
						<String ID="P5_ST01148" HPOS="2704" VPOS="2073" WIDTH="40" HEIGHT="23" CONTENT="for" WC="1.00" CC="010"/>
						<SP ID="P5_SP00933" HPOS="2744" VPOS="2097" WIDTH="17"/>
						<String ID="P5_ST01149" HPOS="2761" VPOS="2074" WIDTH="39" HEIGHT="22" CONTENT="the" WC="1.00" CC="000"/>
						<SP ID="P5_SP00934" HPOS="2800" VPOS="2097" WIDTH="19"/>
						<String ID="P5_ST01150" HPOS="2819" VPOS="2073" WIDTH="41" HEIGHT="23" CONTENT="fall" WC="1.00" CC="0000"/>
						<SP ID="P5_SP00935" HPOS="2860" VPOS="2097" WIDTH="19"/>
						<String ID="P5_ST01151" HPOS="2879" VPOS="2076" WIDTH="117" HEIGHT="20" CONTENT="semester" WC="1.00" CC="01100000"/>
					</TextLine>
					<TextLine ID="P5_TL00216" HPOS="2453" VPOS="2112" WIDTH="540" HEIGHT="29">
						<String ID="P5_ST01152" HPOS="2453" VPOS="2112" WIDTH="28" HEIGHT="23" CONTENT="of" WC="0.98" CC="10"/>
						<SP ID="P5_SP00936" HPOS="2481" VPOS="2135" WIDTH="15"/>
						<String ID="P5_ST01153" HPOS="2496" VPOS="2113" WIDTH="71" HEIGHT="23" CONTENT="1968," WC="0.99" CC="10000"/>
						<SP ID="P5_SP00937" HPOS="2567" VPOS="2136" WIDTH="14"/>
						<String ID="P5_ST01154" HPOS="2581" VPOS="2113" WIDTH="148" HEIGHT="22" CONTENT="announced" WC="1.00" CC="000100000"/>
						<SP ID="P5_SP00938" HPOS="2729" VPOS="2136" WIDTH="14"/>
						<String ID="P5_ST01155" HPOS="2743" VPOS="2112" WIDTH="115" HEIGHT="23" CONTENT="Kenneth" WC="1.00" CC="1000010"/>
						<SP ID="P5_SP00939" HPOS="2858" VPOS="2136" WIDTH="13"/>
						<String ID="P5_ST01156" HPOS="2871" VPOS="2112" WIDTH="20" HEIGHT="23" CONTENT="J." WC="1.00" CC="00"/>
						<SP ID="P5_SP00940" HPOS="2891" VPOS="2136" WIDTH="16"/>
						<String ID="P5_ST01157" HPOS="2907" VPOS="2112" WIDTH="86" HEIGHT="29" CONTENT="Byrne," WC="1.00" CC="001001"/>
					</TextLine>
					<TextLine ID="P5_TL00217" HPOS="2452" VPOS="2150" WIDTH="313" HEIGHT="24">
						<String ID="P5_ST01158" HPOS="2452" VPOS="2150" WIDTH="108" HEIGHT="24" CONTENT="director" WC="1.00" CC="00000000"/>
						<SP ID="P5_SP00941" HPOS="2560" VPOS="2174" WIDTH="12"/>
						<String ID="P5_ST01159" HPOS="2572" VPOS="2150" WIDTH="28" HEIGHT="24" CONTENT="of" WC="0.96" CC="11"/>
						<SP ID="P5_SP00942" HPOS="2600" VPOS="2174" WIDTH="12"/>
						<String ID="P5_ST01160" HPOS="2612" VPOS="2151" WIDTH="153" HEIGHT="23" CONTENT="admissions." WC="1.00" CC="10001000000"/>
					</TextLine>
					<TextLine ID="P5_TL00218" HPOS="2488" VPOS="2209" WIDTH="506" HEIGHT="30">
						<String ID="P5_ST01161" HPOS="2488" VPOS="2209" WIDTH="67" HEIGHT="29" CONTENT="Fifty" WC="1.00" CC="01000"/>
						<SP ID="P5_SP00943" HPOS="2555" VPOS="2238" WIDTH="15"/>
						<String ID="P5_ST01162" HPOS="2570" VPOS="2214" WIDTH="26" HEIGHT="18" CONTENT="to" WC="1.00" CC="00"/>
						<SP ID="P5_SP00944" HPOS="2596" VPOS="2238" WIDTH="15"/>
						<String ID="P5_ST01163" HPOS="2611" VPOS="2209" WIDTH="34" HEIGHT="23" CONTENT="60" WC="0.98" CC="10"/>
						<SP ID="P5_SP00945" HPOS="2645" VPOS="2238" WIDTH="15"/>
						<String ID="P5_ST01164" HPOS="2660" VPOS="2216" WIDTH="43" HEIGHT="23" CONTENT="per" WC="1.00" CC="000"/>
						<SP ID="P5_SP00946" HPOS="2703" VPOS="2239" WIDTH="15"/>
						<String ID="P5_ST01165" HPOS="2718" VPOS="2213" WIDTH="55" HEIGHT="19" CONTENT="cent" WC="1.00" CC="0000"/>
						<SP ID="P5_SP00947" HPOS="2773" VPOS="2239" WIDTH="17"/>
						<String ID="P5_ST01166" HPOS="2790" VPOS="2209" WIDTH="28" HEIGHT="23" CONTENT="of" WC="0.94" CC="10"/>
						<SP ID="P5_SP00948" HPOS="2818" VPOS="2239" WIDTH="16"/>
						<String ID="P5_ST01167" HPOS="2834" VPOS="2210" WIDTH="66" HEIGHT="22" CONTENT="these" WC="0.99" CC="11130"/>
						<SP ID="P5_SP00949" HPOS="2900" VPOS="2239" WIDTH="18"/>
						<String ID="P5_ST01168" HPOS="2918" VPOS="2209" WIDTH="64" HEIGHT="23" CONTENT="fresh" SUBS_TYPE="HypPart1" SUBS_CONTENT="freshmen" WC="1.00" CC="00150"/>
						<HYP HPOS="2982" VPOS="2209" WIDTH="12" CONTENT="-"/>
					</TextLine>
					<TextLine ID="P5_TL00219" HPOS="2453" VPOS="2248" WIDTH="540" HEIGHT="23">
						<String ID="P5_ST01169" HPOS="2453" VPOS="2256" WIDTH="55" HEIGHT="15" CONTENT="men" SUBS_TYPE="HypPart2" SUBS_CONTENT="freshmen" WC="1.00" CC="001"/>
						<SP ID="P5_SP00950" HPOS="2508" VPOS="2271" WIDTH="17"/>
						<String ID="P5_ST01170" HPOS="2525" VPOS="2248" WIDTH="46" HEIGHT="22" CONTENT="will" WC="1.00" CC="1000"/>
						<SP ID="P5_SP00951" HPOS="2571" VPOS="2271" WIDTH="16"/>
						<String ID="P5_ST01171" HPOS="2587" VPOS="2255" WIDTH="73" HEIGHT="16" CONTENT="come" WC="1.00" CC="1001"/>
						<SP ID="P5_SP00952" HPOS="2660" VPOS="2271" WIDTH="15"/>
						<String ID="P5_ST01172" HPOS="2675" VPOS="2248" WIDTH="65" HEIGHT="23" CONTENT="from" WC="1.00" CC="0000"/>
						<SP ID="P5_SP00953" HPOS="2740" VPOS="2271" WIDTH="15"/>
						<String ID="P5_ST01173" HPOS="2755" VPOS="2248" WIDTH="40" HEIGHT="23" CONTENT="the" WC="1.00" CC="001"/>
						<SP ID="P5_SP00954" HPOS="2795" VPOS="2271" WIDTH="16"/>
						<String ID="P5_ST01174" HPOS="2811" VPOS="2248" WIDTH="63" HEIGHT="22" CONTENT="New" WC="1.00" CC="000"/>
						<SP ID="P5_SP00955" HPOS="2874" VPOS="2271" WIDTH="14"/>
						<String ID="P5_ST01175" HPOS="2888" VPOS="2248" WIDTH="105" HEIGHT="23" CONTENT="Orleans" WC="1.00" CC="0011101"/>
					</TextLine>
					<TextLine ID="P5_TL00220" HPOS="2452" VPOS="2286" WIDTH="541" HEIGHT="29">
						<String ID="P5_ST01176" HPOS="2452" VPOS="2294" WIDTH="64" HEIGHT="18" CONTENT="area," WC="1.00" CC="10000"/>
						<SP ID="P5_SP00956" HPOS="2516" VPOS="2312" WIDTH="27"/>
						<String ID="P5_ST01177" HPOS="2543" VPOS="2287" WIDTH="72" HEIGHT="23" CONTENT="while" WC="1.00" CC="11001"/>
						<SP ID="P5_SP00957" HPOS="2615" VPOS="2312" WIDTH="25"/>
						<String ID="P5_ST01178" HPOS="2640" VPOS="2286" WIDTH="41" HEIGHT="24" CONTENT="the" WC="1.00" CC="000"/>
						<SP ID="P5_SP00958" HPOS="2681" VPOS="2312" WIDTH="26"/>
						<String ID="P5_ST01179" HPOS="2707" VPOS="2286" WIDTH="114" HEIGHT="29" CONTENT="majority" WC="1.00" CC="10100000"/>
						<SP ID="P5_SP00959" HPOS="2821" VPOS="2315" WIDTH="27"/>
						<String ID="P5_ST01180" HPOS="2848" VPOS="2286" WIDTH="28" HEIGHT="23" CONTENT="of" WC="1.00" CC="00"/>
						<SP ID="P5_SP00960" HPOS="2876" VPOS="2315" WIDTH="24"/>
						<String ID="P5_ST01181" HPOS="2900" VPOS="2286" WIDTH="80" HEIGHT="23" CONTENT="out-of" SUBS_TYPE="HypPart1" SUBS_CONTENT="out-oftown" WC="1.00" CC="100000"/>
						<HYP HPOS="2980" VPOS="2286" WIDTH="13" CONTENT="-"/>
					</TextLine>
					<TextLine ID="P5_TL00221" HPOS="2452" VPOS="2324" WIDTH="541" HEIGHT="24">
						<String ID="P5_ST01182" HPOS="2452" VPOS="2329" WIDTH="65" HEIGHT="19" CONTENT="town" SUBS_TYPE="HypPart2" SUBS_CONTENT="out-oftown" WC="1.00" CC="1000"/>
						<SP ID="P5_SP00961" HPOS="2517" VPOS="2348" WIDTH="25"/>
						<String ID="P5_ST01183" HPOS="2542" VPOS="2326" WIDTH="110" HEIGHT="22" CONTENT="students" WC="1.00" CC="00001000"/>
						<SP ID="P5_SP00962" HPOS="2652" VPOS="2348" WIDTH="25"/>
						<String ID="P5_ST01184" HPOS="2677" VPOS="2325" WIDTH="45" HEIGHT="22" CONTENT="will" WC="1.00" CC="0000"/>
						<SP ID="P5_SP00963" HPOS="2722" VPOS="2348" WIDTH="27"/>
						<String ID="P5_ST01185" HPOS="2749" VPOS="2325" WIDTH="29" HEIGHT="23" CONTENT="be" WC="1.00" CC="00"/>
						<SP ID="P5_SP00964" HPOS="2778" VPOS="2348" WIDTH="25"/>
						<String ID="P5_ST01186" HPOS="2803" VPOS="2325" WIDTH="65" HEIGHT="23" CONTENT="from" WC="1.00" CC="0010"/>
						<SP ID="P5_SP00965" HPOS="2868" VPOS="2348" WIDTH="25"/>
						<String ID="P5_ST01187" HPOS="2893" VPOS="2324" WIDTH="100" HEIGHT="24" CONTENT="Florida" WC="1.00" CC="0100001"/>
					</TextLine>
					<TextLine ID="P5_TL00222" HPOS="2453" VPOS="2364" WIDTH="146" HEIGHT="22">
						<String ID="P5_ST01188" HPOS="2453" VPOS="2364" WIDTH="48" HEIGHT="22" CONTENT="and" WC="1.00" CC="010"/>
						<SP ID="P5_SP00966" HPOS="2501" VPOS="2386" WIDTH="12"/>
						<String ID="P5_ST01189" HPOS="2513" VPOS="2364" WIDTH="86" HEIGHT="22" CONTENT="Texas." WC="1.00" CC="001100"/>
					</TextLine>
					<TextLine ID="P5_TL00223" HPOS="2486" VPOS="2418" WIDTH="508" HEIGHT="29">
						<String ID="P5_ST01190" HPOS="2486" VPOS="2418" WIDTH="143" HEIGHT="29" CONTENT="According" WC="1.00" CC="000010001"/>
						<SP ID="P5_SP00967" HPOS="2629" VPOS="2447" WIDTH="26"/>
						<String ID="P5_ST01191" HPOS="2655" VPOS="2422" WIDTH="24" HEIGHT="19" CONTENT="to" WC="1.00" CC="00"/>
						<SP ID="P5_SP00968" HPOS="2679" VPOS="2447" WIDTH="26"/>
						<String ID="P5_ST01192" HPOS="2705" VPOS="2418" WIDTH="40" HEIGHT="23" CONTENT="the" WC="1.00" CC="001"/>
						<SP ID="P5_SP00969" HPOS="2745" VPOS="2447" WIDTH="27"/>
						<String ID="P5_ST01193" HPOS="2772" VPOS="2418" WIDTH="162" HEIGHT="29" CONTENT="applications" WC="1.00" CC="000001101001"/>
						<SP ID="P5_SP00970" HPOS="2934" VPOS="2447" WIDTH="26"/>
						<String ID="P5_ST01194" HPOS="2960" VPOS="2418" WIDTH="23" HEIGHT="22" CONTENT="al" SUBS_TYPE="HypPart1" SUBS_CONTENT="already" WC="1.00" CC="00"/>
						<HYP HPOS="2983" VPOS="2418" WIDTH="11" CONTENT="-"/>
					</TextLine>
					<TextLine ID="P5_TL00224" HPOS="2453" VPOS="2456" WIDTH="542" HEIGHT="29">
						<String ID="P5_ST01195" HPOS="2453" VPOS="2457" WIDTH="74" HEIGHT="28" CONTENT="ready" SUBS_TYPE="HypPart2" SUBS_CONTENT="already" WC="1.00" CC="00001"/>
						<SP ID="P5_SP00971" HPOS="2527" VPOS="2485" WIDTH="20"/>
						<String ID="P5_ST01196" HPOS="2547" VPOS="2456" WIDTH="112" HEIGHT="23" CONTENT="received" WC="1.00" CC="00010010"/>
						<SP ID="P5_SP00972" HPOS="2659" VPOS="2485" WIDTH="20"/>
						<String ID="P5_ST01197" HPOS="2679" VPOS="2456" WIDTH="32" HEIGHT="29" CONTENT="by" WC="1.00" CC="00"/>
						<SP ID="P5_SP00973" HPOS="2711" VPOS="2485" WIDTH="19"/>
						<String ID="P5_ST01198" HPOS="2730" VPOS="2456" WIDTH="42" HEIGHT="24" CONTENT="the" WC="1.00" CC="000"/>
						<SP ID="P5_SP00974" HPOS="2772" VPOS="2485" WIDTH="18"/>
						<String ID="P5_ST01199" HPOS="2790" VPOS="2456" WIDTH="86" HEIGHT="23" CONTENT="Office" WC="1.00" CC="001100"/>
						<SP ID="P5_SP00975" HPOS="2876" VPOS="2485" WIDTH="20"/>
						<String ID="P5_ST01200" HPOS="2896" VPOS="2456" WIDTH="28" HEIGHT="23" CONTENT="of" WC="0.98" CC="10"/>
						<SP ID="P5_SP00976" HPOS="2924" VPOS="2485" WIDTH="19"/>
						<String ID="P5_ST01201" HPOS="2943" VPOS="2456" WIDTH="35" HEIGHT="23" CONTENT="Ad" SUBS_TYPE="HypPart1" SUBS_CONTENT="Admissions," WC="1.00" CC="00"/>
						<HYP HPOS="2978" VPOS="2456" WIDTH="17" CONTENT="-"/>
					</TextLine>
					<TextLine ID="P5_TL00225" HPOS="2453" VPOS="2495" WIDTH="541" HEIGHT="29">
						<String ID="P5_ST01202" HPOS="2453" VPOS="2495" WIDTH="120" HEIGHT="26" CONTENT="missions," SUBS_TYPE="HypPart2" SUBS_CONTENT="Admissions," WC="1.00" CC="101002000"/>
						<SP ID="P5_SP00977" HPOS="2573" VPOS="2521" WIDTH="25"/>
						<String ID="P5_ST01203" HPOS="2598" VPOS="2500" WIDTH="63" HEIGHT="18" CONTENT="most" WC="1.00" CC="0010"/>
						<SP ID="P5_SP00978" HPOS="2661" VPOS="2521" WIDTH="22"/>
						<String ID="P5_ST01204" HPOS="2683" VPOS="2495" WIDTH="28" HEIGHT="23" CONTENT="of" WC="0.98" CC="10"/>
						<SP ID="P5_SP00979" HPOS="2711" VPOS="2521" WIDTH="22"/>
						<String ID="P5_ST01205" HPOS="2733" VPOS="2495" WIDTH="41" HEIGHT="23" CONTENT="the" WC="1.00" CC="010"/>
						<SP ID="P5_SP00980" HPOS="2774" VPOS="2521" WIDTH="22"/>
						<String ID="P5_ST01206" HPOS="2796" VPOS="2495" WIDTH="127" HEIGHT="29" CONTENT="incoming" WC="1.00" CC="00000010"/>
						<SP ID="P5_SP00981" HPOS="2923" VPOS="2524" WIDTH="22"/>
						<String ID="P5_ST01207" HPOS="2945" VPOS="2500" WIDTH="37" HEIGHT="18" CONTENT="stu" SUBS_TYPE="HypPart1" SUBS_CONTENT="students" WC="0.94" CC="210"/>
						<HYP HPOS="2982" VPOS="2500" WIDTH="12" CONTENT="-"/>
					</TextLine>
				</TextBlock>
				<TextBlock ID="P5_TB00021" HPOS="3034" VPOS="1995" WIDTH="547" HEIGHT="529" STYLEREFS="TXT_4 PAR_BLOCK">
					<TextLine ID="P5_TL00226" HPOS="3039" VPOS="1995" WIDTH="542" HEIGHT="29">
						<String ID="P5_ST01208" HPOS="3039" VPOS="1995" WIDTH="70" HEIGHT="22" CONTENT="dents" SUBS_TYPE="HypPart2" SUBS_CONTENT="students" WC="1.00" CC="11111"/>
						<SP ID="P5_SP00982" HPOS="3109" VPOS="2017" WIDTH="25"/>
						<String ID="P5_ST01209" HPOS="3134" VPOS="2002" WIDTH="41" HEIGHT="16" CONTENT="are" WC="1.00" CC="100"/>
						<SP ID="P5_SP00983" HPOS="3175" VPOS="2018" WIDTH="23"/>
						<String ID="P5_ST01210" HPOS="3198" VPOS="1995" WIDTH="138" HEIGHT="22" CONTENT="undecided" WC="1.00" CC="001011101"/>
						<SP ID="P5_SP00984" HPOS="3336" VPOS="2018" WIDTH="23"/>
						<String ID="P5_ST01211" HPOS="3359" VPOS="2002" WIDTH="32" HEIGHT="15" CONTENT="on" WC="1.00" CC="00"/>
						<SP ID="P5_SP00985" HPOS="3391" VPOS="2018" WIDTH="24"/>
						<String ID="P5_ST01212" HPOS="3415" VPOS="1995" WIDTH="62" HEIGHT="22" CONTENT="their" WC="1.00" CC="00000"/>
						<SP ID="P5_SP00986" HPOS="3477" VPOS="2018" WIDTH="24"/>
						<String ID="P5_ST01213" HPOS="3501" VPOS="1995" WIDTH="80" HEIGHT="29" CONTENT="major" WC="1.00" CC="10100"/>
					</TextLine>
					<TextLine ID="P5_TL00227" HPOS="3040" VPOS="2032" WIDTH="540" HEIGHT="30">
						<String ID="P5_ST01214" HPOS="3040" VPOS="2040" WIDTH="88" HEIGHT="16" CONTENT="course" WC="1.00" CC="100000"/>
						<SP ID="P5_SP00987" HPOS="3128" VPOS="2056" WIDTH="13"/>
						<String ID="P5_ST01215" HPOS="3141" VPOS="2033" WIDTH="28" HEIGHT="23" CONTENT="of" WC="0.98" CC="10"/>
						<SP ID="P5_SP00988" HPOS="3169" VPOS="2056" WIDTH="12"/>
						<String ID="P5_ST01216" HPOS="3181" VPOS="2033" WIDTH="79" HEIGHT="29" CONTENT="study." WC="1.00" CC="100000"/>
						<SP ID="P5_SP00989" HPOS="3260" VPOS="2062" WIDTH="16"/>
						<String ID="P5_ST01217" HPOS="3276" VPOS="2033" WIDTH="130" HEIGHT="25" CONTENT="However," WC="1.00" CC="01010101"/>
						<SP ID="P5_SP00990" HPOS="3406" VPOS="2062" WIDTH="14"/>
						<String ID="P5_ST01218" HPOS="3420" VPOS="2032" WIDTH="28" HEIGHT="24" CONTENT="of" WC="1.00" CC="00"/>
						<SP ID="P5_SP00991" HPOS="3448" VPOS="2062" WIDTH="13"/>
						<String ID="P5_ST01219" HPOS="3461" VPOS="2033" WIDTH="70" HEIGHT="23" CONTENT="those" WC="1.00" CC="00110"/>
						<SP ID="P5_SP00992" HPOS="3531" VPOS="2062" WIDTH="14"/>
						<String ID="P5_ST01220" HPOS="3545" VPOS="2033" WIDTH="24" HEIGHT="23" CONTENT="in" SUBS_TYPE="HypPart1" SUBS_CONTENT="indicating" WC="1.00" CC="10"/>
						<HYP HPOS="3569" VPOS="2033" WIDTH="11" CONTENT="-"/>
					</TextLine>
					<TextLine ID="P5_TL00228" HPOS="3038" VPOS="2072" WIDTH="543" HEIGHT="29">
						<String ID="P5_ST01221" HPOS="3038" VPOS="2072" WIDTH="110" HEIGHT="29" CONTENT="dicating" SUBS_TYPE="HypPart2" SUBS_CONTENT="indicating" WC="1.00" CC="01100100"/>
						<SP ID="P5_SP00993" HPOS="3148" VPOS="2101" WIDTH="16"/>
						<String ID="P5_ST01222" HPOS="3164" VPOS="2080" WIDTH="13" HEIGHT="15" CONTENT="a" WC="1.00" CC="0"/>
						<SP ID="P5_SP00994" HPOS="3177" VPOS="2101" WIDTH="18"/>
						<String ID="P5_ST01223" HPOS="3195" VPOS="2072" WIDTH="152" HEIGHT="29" CONTENT="preference," WC="1.00" CC="01001010010"/>
						<SP ID="P5_SP00995" HPOS="3347" VPOS="2101" WIDTH="19"/>
						<String ID="P5_ST01224" HPOS="3366" VPOS="2075" WIDTH="64" HEIGHT="20" CONTENT="most" WC="1.00" CC="2010"/>
						<SP ID="P5_SP00996" HPOS="3430" VPOS="2101" WIDTH="18"/>
						<String ID="P5_ST01225" HPOS="3448" VPOS="2079" WIDTH="42" HEIGHT="16" CONTENT="are" WC="1.00" CC="002"/>
						<SP ID="P5_SP00997" HPOS="3490" VPOS="2101" WIDTH="18"/>
						<String ID="P5_ST01226" HPOS="3508" VPOS="2072" WIDTH="61" HEIGHT="23" CONTENT="inter" SUBS_TYPE="HypPart1" SUBS_CONTENT="interested" WC="1.00" CC="10010"/>
						<HYP HPOS="3569" VPOS="2072" WIDTH="12" CONTENT="-"/>
					</TextLine>
					<TextLine ID="P5_TL00229" HPOS="3037" VPOS="2110" WIDTH="541" HEIGHT="30">
						<String ID="P5_ST01227" HPOS="3037" VPOS="2111" WIDTH="69" HEIGHT="23" CONTENT="ested" SUBS_TYPE="HypPart2" SUBS_CONTENT="interested" WC="1.00" CC="11000"/>
						<SP ID="P5_SP00998" HPOS="3106" VPOS="2134" WIDTH="31"/>
						<String ID="P5_ST01228" HPOS="3137" VPOS="2111" WIDTH="22" HEIGHT="23" CONTENT="in" WC="1.00" CC="00"/>
						<SP ID="P5_SP00999" HPOS="3159" VPOS="2134" WIDTH="33"/>
						<String ID="P5_ST01229" HPOS="3192" VPOS="2110" WIDTH="159" HEIGHT="30" CONTENT="pre-medical" WC="0.98" CC="00100010100"/>
						<SP ID="P5_SP01000" HPOS="3351" VPOS="2140" WIDTH="32"/>
						<String ID="P5_ST01230" HPOS="3383" VPOS="2111" WIDTH="48" HEIGHT="22" CONTENT="and" WC="1.00" CC="000"/>
						<SP ID="P5_SP01001" HPOS="3431" VPOS="2140" WIDTH="32"/>
						<String ID="P5_ST01231" HPOS="3463" VPOS="2110" WIDTH="115" HEIGHT="29" CONTENT="pre-legal" WC="0.99" CC="101000000"/>
					</TextLine>
					<TextLine ID="P5_TL00230" HPOS="3039" VPOS="2149" WIDTH="542" HEIGHT="30">
						<String ID="P5_ST01232" HPOS="3039" VPOS="2150" WIDTH="79" HEIGHT="23" CONTENT="fields." WC="1.00" CC="1100000"/>
						<SP ID="P5_SP01002" HPOS="3118" VPOS="2173" WIDTH="18"/>
						<String ID="P5_ST01233" HPOS="3136" VPOS="2149" WIDTH="161" HEIGHT="30" CONTENT="Psychology," WC="1.00" CC="10100100004"/>
						<SP ID="P5_SP01003" HPOS="3297" VPOS="2179" WIDTH="16"/>
						<String ID="P5_ST01234" HPOS="3313" VPOS="2149" WIDTH="128" HEIGHT="29" CONTENT="sociology" WC="1.00" CC="110010000"/>
						<SP ID="P5_SP01004" HPOS="3441" VPOS="2179" WIDTH="16"/>
						<String ID="P5_ST01235" HPOS="3457" VPOS="2149" WIDTH="48" HEIGHT="23" CONTENT="and" WC="1.00" CC="000"/>
						<SP ID="P5_SP01005" HPOS="3505" VPOS="2179" WIDTH="16"/>
						<String ID="P5_ST01236" HPOS="3521" VPOS="2149" WIDTH="45" HEIGHT="23" CONTENT="edu" SUBS_TYPE="HypPart1" SUBS_CONTENT="education" WC="1.00" CC="110"/>
						<HYP HPOS="3566" VPOS="2149" WIDTH="15" CONTENT="-"/>
					</TextLine>
					<TextLine ID="P5_TL00231" HPOS="3037" VPOS="2187" WIDTH="542" HEIGHT="24">
						<String ID="P5_ST01237" HPOS="3037" VPOS="2188" WIDTH="82" HEIGHT="23" CONTENT="cation" SUBS_TYPE="HypPart2" SUBS_CONTENT="education" WC="1.00" CC="000000"/>
						<SP ID="P5_SP01006" HPOS="3119" VPOS="2211" WIDTH="21"/>
						<String ID="P5_ST01238" HPOS="3140" VPOS="2188" WIDTH="62" HEIGHT="23" CONTENT="have" WC="1.00" CC="1101"/>
						<SP ID="P5_SP01007" HPOS="3202" VPOS="2211" WIDTH="20"/>
						<String ID="P5_ST01239" HPOS="3222" VPOS="2188" WIDTH="52" HEIGHT="23" CONTENT="also" WC="1.00" CC="1001"/>
						<SP ID="P5_SP01008" HPOS="3274" VPOS="2211" WIDTH="20"/>
						<String ID="P5_ST01240" HPOS="3294" VPOS="2188" WIDTH="119" HEIGHT="23" CONTENT="attracted" WC="1.00" CC="101000000"/>
						<SP ID="P5_SP01009" HPOS="3413" VPOS="2211" WIDTH="20"/>
						<String ID="P5_ST01241" HPOS="3433" VPOS="2195" WIDTH="15" HEIGHT="16" CONTENT="a" WC="1.00" CC="0"/>
						<SP ID="P5_SP01010" HPOS="3448" VPOS="2211" WIDTH="19"/>
						<String ID="P5_ST01242" HPOS="3467" VPOS="2187" WIDTH="98" HEIGHT="23" CONTENT="substan" SUBS_TYPE="HypPart1" SUBS_CONTENT="substantia!" WC="1.00" CC="1022400"/>
						<HYP HPOS="3565" VPOS="2187" WIDTH="14" CONTENT="-"/>
					</TextLine>
					<TextLine ID="P5_TL00232" HPOS="3039" VPOS="2226" WIDTH="404" HEIGHT="29">
						<String ID="P5_ST01243" HPOS="3039" VPOS="2227" WIDTH="39" HEIGHT="22" CONTENT="tia!" SUBS_TYPE="HypPart2" SUBS_CONTENT="substantia!" WC="1.00" CC="1010"/>
						<SP ID="P5_SP01011" HPOS="3078" VPOS="2249" WIDTH="14"/>
						<String ID="P5_ST01244" HPOS="3092" VPOS="2227" WIDTH="105" HEIGHT="22" CONTENT="number" WC="1.00" CC="010010"/>
						<SP ID="P5_SP01012" HPOS="3197" VPOS="2249" WIDTH="12"/>
						<String ID="P5_ST01245" HPOS="3209" VPOS="2226" WIDTH="28" HEIGHT="23" CONTENT="of" WC="1.00" CC="00"/>
						<SP ID="P5_SP01013" HPOS="3237" VPOS="2249" WIDTH="10"/>
						<String ID="P5_ST01246" HPOS="3247" VPOS="2227" WIDTH="41" HEIGHT="23" CONTENT="the" WC="1.00" CC="001"/>
						<SP ID="P5_SP01014" HPOS="3288" VPOS="2250" WIDTH="12"/>
						<String ID="P5_ST01247" HPOS="3300" VPOS="2226" WIDTH="143" HEIGHT="29" CONTENT="applicants." WC="1.00" CC="00000011010"/>
					</TextLine>
					<TextLine ID="P5_TL00233" HPOS="3071" VPOS="2264" WIDTH="507" HEIGHT="30">
						<String ID="P5_ST01248" HPOS="3071" VPOS="2265" WIDTH="74" HEIGHT="23" CONTENT="Some" WC="1.00" CC="0000"/>
						<SP ID="P5_SP01015" HPOS="3145" VPOS="2288" WIDTH="35"/>
						<String ID="P5_ST01249" HPOS="3180" VPOS="2269" WIDTH="91" HEIGHT="25" CONTENT="twenty" WC="1.00" CC="110011"/>
						<SP ID="P5_SP01016" HPOS="3271" VPOS="2294" WIDTH="34"/>
						<String ID="P5_ST01250" HPOS="3305" VPOS="2265" WIDTH="28" HEIGHT="23" CONTENT="of" WC="1.00" CC="00"/>
						<SP ID="P5_SP01017" HPOS="3333" VPOS="2294" WIDTH="33"/>
						<String ID="P5_ST01251" HPOS="3366" VPOS="2264" WIDTH="41" HEIGHT="24" CONTENT="the" WC="1.00" CC="100"/>
						<SP ID="P5_SP01018" HPOS="3407" VPOS="2294" WIDTH="34"/>
						<String ID="P5_ST01252" HPOS="3441" VPOS="2264" WIDTH="137" HEIGHT="30" CONTENT="applicants" WC="1.00" CC="0000011001"/>
					</TextLine>
					<TextLine ID="P5_TL00234" HPOS="3037" VPOS="2302" WIDTH="541" HEIGHT="30">
						<String ID="P5_ST01253" HPOS="3037" VPOS="2303" WIDTH="62" HEIGHT="23" CONTENT="have" WC="1.00" CC="0000"/>
						<SP ID="P5_SP01019" HPOS="3099" VPOS="2326" WIDTH="43"/>
						<String ID="P5_ST01254" HPOS="3142" VPOS="2303" WIDTH="113" HEIGHT="23" CONTENT="received" WC="1.00" CC="01111000"/>
						<SP ID="P5_SP01020" HPOS="3255" VPOS="2326" WIDTH="43"/>
						<String ID="P5_ST01255" HPOS="3298" VPOS="2303" WIDTH="63" HEIGHT="23" CONTENT="dean" WC="1.00" CC="0100"/>
						<SP ID="P5_SP01021" HPOS="3361" VPOS="2326" WIDTH="44"/>
						<String ID="P5_ST01256" HPOS="3405" VPOS="2302" WIDTH="173" HEIGHT="30" CONTENT="scholarships," WC="1.00" CC="1000000100001"/>
					</TextLine>
					<TextLine ID="P5_TL00235" HPOS="3038" VPOS="2341" WIDTH="541" HEIGHT="29">
						<String ID="P5_ST01257" HPOS="3038" VPOS="2342" WIDTH="80" HEIGHT="28" CONTENT="Byrne" WC="1.00" CC="00001"/>
						<SP ID="P5_SP01022" HPOS="3118" VPOS="2370" WIDTH="18"/>
						<String ID="P5_ST01258" HPOS="3136" VPOS="2342" WIDTH="59" HEIGHT="23" CONTENT="said." WC="1.00" CC="10100"/>
						<SP ID="P5_SP01023" HPOS="3195" VPOS="2370" WIDTH="21"/>
						<String ID="P5_ST01259" HPOS="3216" VPOS="2341" WIDTH="90" HEIGHT="23" CONTENT="Others" WC="1.00" CC="000000"/>
						<SP ID="P5_SP01024" HPOS="3306" VPOS="2370" WIDTH="21"/>
						<String ID="P5_ST01260" HPOS="3327" VPOS="2348" WIDTH="56" HEIGHT="22" CONTENT="may" WC="1.00" CC="101"/>
						<SP ID="P5_SP01025" HPOS="3383" VPOS="2370" WIDTH="20"/>
						<String ID="P5_ST01261" HPOS="3403" VPOS="2341" WIDTH="95" HEIGHT="23" CONTENT="receive" WC="1.00" CC="0010101"/>
						<SP ID="P5_SP01026" HPOS="3498" VPOS="2370" WIDTH="20"/>
						<String ID="P5_ST01262" HPOS="3518" VPOS="2341" WIDTH="46" HEIGHT="22" CONTENT="hon" SUBS_TYPE="HypPart1" SUBS_CONTENT="honors" WC="1.00" CC="000"/>
						<HYP HPOS="3564" VPOS="2341" WIDTH="15" CONTENT="-"/>
					</TextLine>
					<TextLine ID="P5_TL00236" HPOS="3036" VPOS="2379" WIDTH="543" HEIGHT="30">
						<String ID="P5_ST01263" HPOS="3036" VPOS="2387" WIDTH="41" HEIGHT="16" CONTENT="ors" SUBS_TYPE="HypPart2" SUBS_CONTENT="honors" WC="0.99" CC="012"/>
						<SP ID="P5_SP01027" HPOS="3077" VPOS="2403" WIDTH="13"/>
						<String ID="P5_ST01264" HPOS="3090" VPOS="2380" WIDTH="50" HEIGHT="23" CONTENT="and" WC="0.99" CC="201"/>
						<SP ID="P5_SP01028" HPOS="3140" VPOS="2403" WIDTH="16"/>
						<String ID="P5_ST01265" HPOS="3156" VPOS="2380" WIDTH="117" HEIGHT="23" CONTENT="founders" WC="1.00" CC="00110002"/>
						<SP ID="P5_SP01029" HPOS="3273" VPOS="2403" WIDTH="15"/>
						<String ID="P5_ST01266" HPOS="3288" VPOS="2379" WIDTH="166" HEIGHT="30" CONTENT="scholarships" WC="1.00" CC="101100010011"/>
						<SP ID="P5_SP01030" HPOS="3454" VPOS="2409" WIDTH="14"/>
						<String ID="P5_ST01267" HPOS="3468" VPOS="2384" WIDTH="24" HEIGHT="19" CONTENT="at" WC="1.00" CC="00"/>
						<SP ID="P5_SP01031" HPOS="3492" VPOS="2409" WIDTH="14"/>
						<String ID="P5_ST01268" HPOS="3506" VPOS="2387" WIDTH="15" HEIGHT="15" CONTENT="a" WC="1.00" CC="0"/>
						<SP ID="P5_SP01032" HPOS="3521" VPOS="2409" WIDTH="14"/>
						<String ID="P5_ST01269" HPOS="3535" VPOS="2379" WIDTH="33" HEIGHT="23" CONTENT="lat" SUBS_TYPE="HypPart1" SUBS_CONTENT="later" WC="1.00" CC="100"/>
						<HYP HPOS="3568" VPOS="2379" WIDTH="11" CONTENT="-"/>
					</TextLine>
					<TextLine ID="P5_TL00237" HPOS="3037" VPOS="2418" WIDTH="102" HEIGHT="23">
						<String ID="P5_ST01270" HPOS="3037" VPOS="2425" WIDTH="26" HEIGHT="16" CONTENT="er" SUBS_TYPE="HypPart2" SUBS_CONTENT="later" WC="1.00" CC="00"/>
						<SP ID="P5_SP01033" HPOS="3063" VPOS="2441" WIDTH="12"/>
						<String ID="P5_ST01271" HPOS="3075" VPOS="2418" WIDTH="64" HEIGHT="23" CONTENT="date." WC="1.00" CC="01000"/>
					</TextLine>
					<TextLine ID="P5_TL00238" HPOS="3073" VPOS="2456" WIDTH="507" HEIGHT="30">
						<String ID="P5_ST01272" HPOS="3073" VPOS="2458" WIDTH="96" HEIGHT="28" CONTENT="August" WC="1.00" CC="001000"/>
						<SP ID="P5_SP01034" HPOS="3169" VPOS="2486" WIDTH="21"/>
						<String ID="P5_ST01273" HPOS="3190" VPOS="2457" WIDTH="31" HEIGHT="23" CONTENT="23" WC="1.00" CC="00"/>
						<SP ID="P5_SP01035" HPOS="3221" VPOS="2486" WIDTH="21"/>
						<String ID="P5_ST01274" HPOS="3242" VPOS="2457" WIDTH="19" HEIGHT="23" CONTENT="is" WC="1.00" CC="00"/>
						<SP ID="P5_SP01036" HPOS="3261" VPOS="2486" WIDTH="22"/>
						<String ID="P5_ST01275" HPOS="3283" VPOS="2457" WIDTH="40" HEIGHT="24" CONTENT="the" WC="1.00" CC="101"/>
						<SP ID="P5_SP01037" HPOS="3323" VPOS="2486" WIDTH="20"/>
						<String ID="P5_ST01276" HPOS="3343" VPOS="2456" WIDTH="114" HEIGHT="24" CONTENT="deadline" WC="1.00" CC="01111000"/>
						<SP ID="P5_SP01038" HPOS="3457" VPOS="2486" WIDTH="20"/>
						<String ID="P5_ST01277" HPOS="3477" VPOS="2456" WIDTH="41" HEIGHT="23" CONTENT="for" WC="1.00" CC="000"/>
						<SP ID="P5_SP01039" HPOS="3518" VPOS="2486" WIDTH="19"/>
						<String ID="P5_ST01278" HPOS="3537" VPOS="2462" WIDTH="29" HEIGHT="23" CONTENT="ap" SUBS_TYPE="HypPart1" SUBS_CONTENT="applications." WC="1.00" CC="00"/>
						<HYP HPOS="3566" VPOS="2462" WIDTH="14" CONTENT="-"/>
					</TextLine>
					<TextLine ID="P5_TL00239" HPOS="3038" VPOS="2495" WIDTH="138" HEIGHT="29">
						<String ID="P5_ST01279" HPOS="3038" VPOS="2495" WIDTH="138" HEIGHT="29" CONTENT="plications." SUBS_TYPE="HypPart2" SUBS_CONTENT="applications." WC="1.00" CC="11014010010"/>
					</TextLine>
				</TextBlock>
				<TextBlock ID="P5_TB00022" HPOS="136" VPOS="159" WIDTH="431" HEIGHT="32" STYLEREFS="TXT_9 PAR_LEFT">
					<TextLine ID="P5_TL00240" HPOS="136" VPOS="159" WIDTH="431" HEIGHT="32">
						<String ID="P5_ST01280" HPOS="136" VPOS="159" WIDTH="123" HEIGHT="32" CONTENT="Friday," WC="1.00" CC="0000011"/>
						<SP ID="P5_SP01040" HPOS="259" VPOS="191" WIDTH="26"/>
						<String ID="P5_ST01281" HPOS="285" VPOS="160" WIDTH="107" HEIGHT="27" CONTENT="March" WC="1.00" CC="00000"/>
						<SP ID="P5_SP01041" HPOS="392" VPOS="191" WIDTH="27"/>
						<String ID="P5_ST01282" HPOS="419" VPOS="160" WIDTH="46" HEIGHT="31" CONTENT="15," WC="0.95" CC="002"/>
						<SP ID="P5_SP01042" HPOS="465" VPOS="191" WIDTH="27"/>
						<String ID="P5_ST01283" HPOS="492" VPOS="160" WIDTH="75" HEIGHT="27" CONTENT="1968" WC="0.99" CC="0001"/>
					</TextLine>
				</TextBlock>
				<TextBlock ID="P5_TB00023" HPOS="1676" VPOS="154" WIDTH="372" HEIGHT="27" STYLEREFS="TXT_10 PAR_RIGHT">
					<TextLine ID="P5_TL00241" HPOS="1676" VPOS="154" WIDTH="372" HEIGHT="27">
						<String ID="P5_ST01284" HPOS="1676" VPOS="154" WIDTH="100" HEIGHT="27" CONTENT="THE" WC="1.00" CC="000"/>
						<SP ID="P5_SP01043" HPOS="1776" VPOS="181" WIDTH="45"/>
						<String ID="P5_ST01285" HPOS="1821" VPOS="155" WIDTH="227" HEIGHT="26" CONTENT="MAROON" WC="1.00" CC="100001"/>
					</TextLine>
				</TextBlock>
				<TextBlock ID="P5_TB00024" HPOS="3415" VPOS="159" WIDTH="176" HEIGHT="30" STYLEREFS="TXT_11 PAR_RIGHT">
					<TextLine ID="P5_TL00242" HPOS="3415" VPOS="159" WIDTH="175" HEIGHT="29">
						<String ID="P5_ST01286" HPOS="3415" VPOS="159" WIDTH="175" HEIGHT="29" CONTENT="5" WC="1.00" CC="0"/>
					</TextLine>
				</TextBlock>
				<ComposedBlock ID="P5_CB00001" HPOS="181" VPOS="2588" WIDTH="407" HEIGHT="360" TYPE="Advertisement">
					<TextBlock ID="P5_TB00025" HPOS="181" VPOS="2588" WIDTH="407" HEIGHT="360" STYLEREFS="TXT_12 PAR_LEFT">
						<TextLine ID="P5_TL00243" HPOS="285" VPOS="2588" WIDTH="200" HEIGHT="22">
							<String ID="P5_ST01287" HPOS="285" VPOS="2589" WIDTH="62" HEIGHT="21" CONTENT="HELP" WC="1.00" CC="0101"/>
							<SP ID="P5_SP01044" HPOS="347" VPOS="2610" WIDTH="19"/>
							<String ID="P5_ST01288" HPOS="366" VPOS="2588" WIDTH="119" HEIGHT="21" CONTENT="WANTED" WC="1.00" CC="100001"/>
						</TextLine>
						<TextLine ID="P5_TL00244" HPOS="197" VPOS="2671" WIDTH="374" HEIGHT="24">
							<String ID="P5_ST01289" HPOS="197" VPOS="2672" WIDTH="98" HEIGHT="23" CONTENT="Student" WC="1.00" CC="0011000"/>
							<SP ID="P5_SP01045" HPOS="295" VPOS="2695" WIDTH="22"/>
							<String ID="P5_ST01290" HPOS="317" VPOS="2671" WIDTH="55" HEIGHT="22" CONTENT="with" WC="1.00" CC="0000"/>
							<SP ID="P5_SP01046" HPOS="372" VPOS="2695" WIDTH="22"/>
							<String ID="P5_ST01291" HPOS="394" VPOS="2671" WIDTH="177" HEIGHT="21" CONTENT="car—Part-time" WC="1.00" CC="0000010000101"/>
						</TextLine>
						<TextLine ID="P5_TL00245" HPOS="181" VPOS="2731" WIDTH="407" HEIGHT="28">
							<String ID="P5_ST01292" HPOS="181" VPOS="2736" WIDTH="109" HEIGHT="21" CONTENT="Between" WC="1.00" CC="0110111"/>
							<SP ID="P5_SP01047" HPOS="290" VPOS="2757" WIDTH="22"/>
							<String ID="P5_ST01293" HPOS="312" VPOS="2733" WIDTH="74" HEIGHT="25" CONTENT="$50-$" WC="0.98" CC="01001"/>
							<SP ID="P5_SP01048" HPOS="386" VPOS="2758" WIDTH="7"/>
							<String ID="P5_ST01294" HPOS="393" VPOS="2733" WIDTH="45" HEIGHT="21" CONTENT="100" WC="0.99" CC="100"/>
							<SP ID="P5_SP01049" HPOS="438" VPOS="2758" WIDTH="21"/>
							<String ID="P5_ST01295" HPOS="459" VPOS="2740" WIDTH="41" HEIGHT="19" CONTENT="per" WC="1.00" CC="010"/>
							<SP ID="P5_SP01050" HPOS="500" VPOS="2759" WIDTH="21"/>
							<String ID="P5_ST01296" HPOS="521" VPOS="2731" WIDTH="67" HEIGHT="23" CONTENT="week" WC="1.00" CC="1011"/>
						</TextLine>
						<TextLine ID="P5_TL00246" HPOS="243" VPOS="2795" WIDTH="283" HEIGHT="27">
							<String ID="P5_ST01297" HPOS="243" VPOS="2796" WIDTH="160" HEIGHT="26" CONTENT="Scholarships" WC="1.00" CC="021001010001"/>
							<SP ID="P5_SP01051" HPOS="403" VPOS="2822" WIDTH="21"/>
							<String ID="P5_ST01298" HPOS="424" VPOS="2795" WIDTH="102" HEIGHT="22" CONTENT="Offered" WC="1.00" CC="0110000"/>
						</TextLine>
						<TextLine ID="P5_TL00247" HPOS="257" VPOS="2871" WIDTH="253" HEIGHT="23">
							<String ID="P5_ST01299" HPOS="257" VPOS="2872" WIDTH="47" HEIGHT="22" CONTENT="Ask" WC="1.00" CC="000"/>
							<SP ID="P5_SP01052" HPOS="304" VPOS="2894" WIDTH="21"/>
							<String ID="P5_ST01300" HPOS="325" VPOS="2872" WIDTH="36" HEIGHT="22" CONTENT="for" WC="1.00" CC="100"/>
							<SP ID="P5_SP01053" HPOS="361" VPOS="2894" WIDTH="21"/>
							<String ID="P5_ST01301" HPOS="382" VPOS="2873" WIDTH="42" HEIGHT="20" CONTENT="Mr." WC="0.99" CC="310"/>
							<SP ID="P5_SP01054" HPOS="424" VPOS="2894" WIDTH="22"/>
							<String ID="P5_ST01302" HPOS="446" VPOS="2871" WIDTH="64" HEIGHT="21" CONTENT="Mark" WC="0.99" CC="4000"/>
						</TextLine>
						<TextLine ID="P5_TL00248" HPOS="321" VPOS="2928" WIDTH="126" HEIGHT="20">
							<String ID="P5_ST01303" HPOS="321" VPOS="2928" WIDTH="126" HEIGHT="20" CONTENT="525-2466" WC="0.97" CC="01002010"/>
						</TextLine>
					</TextBlock>
				</ComposedBlock>
				<ComposedBlock ID="P5_CB00002" HPOS="109" VPOS="3161" WIDTH="540" HEIGHT="2087" TYPE="Advertisement">
					<TextBlock ID="P5_TB00026" HPOS="109" VPOS="3161" WIDTH="540" HEIGHT="2087" STYLEREFS="TXT_12 PAR_BLOCK">
						<TextLine ID="P5_TL00249" HPOS="112" VPOS="3161" WIDTH="537" HEIGHT="24">
							<String ID="P5_ST01304" HPOS="112" VPOS="3163" WIDTH="68" HEIGHT="22" CONTENT="Need" WC="1.00" CC="1100"/>
							<SP ID="P5_SP01055" HPOS="180" VPOS="3185" WIDTH="19"/>
							<String ID="P5_ST01305" HPOS="199" VPOS="3162" WIDTH="77" HEIGHT="23" CONTENT="Public" WC="1.00" CC="110001"/>
							<SP ID="P5_SP01056" HPOS="276" VPOS="3185" WIDTH="17"/>
							<String ID="P5_ST01306" HPOS="293" VPOS="3162" WIDTH="116" HEIGHT="22" CONTENT="Relations" WC="1.00" CC="111101012"/>
							<SP ID="P5_SP01057" HPOS="409" VPOS="3185" WIDTH="17"/>
							<String ID="P5_ST01307" HPOS="426" VPOS="3161" WIDTH="223" HEIGHT="22" CONTENT="Consultant—male" WC="1.00" CC="000110121100101"/>
						</TextLine>
						<TextLine ID="P5_TL00250" HPOS="112" VPOS="3209" WIDTH="537" HEIGHT="30">
							<String ID="P5_ST01308" HPOS="112" VPOS="3219" WIDTH="76" HEIGHT="20" CONTENT="upper" WC="1.00" CC="10111"/>
							<SP ID="P5_SP01058" HPOS="188" VPOS="3239" WIDTH="22"/>
							<String ID="P5_ST01309" HPOS="210" VPOS="3212" WIDTH="200" HEIGHT="21" CONTENT="classman—must" WC="1.00" CC="1002101000101"/>
							<SP ID="P5_SP01059" HPOS="410" VPOS="3239" WIDTH="22"/>
							<String ID="P5_ST01310" HPOS="432" VPOS="3209" WIDTH="31" HEIGHT="22" CONTENT="be" WC="1.00" CC="00"/>
							<SP ID="P5_SP01060" HPOS="463" VPOS="3239" WIDTH="23"/>
							<String ID="P5_ST01311" HPOS="486" VPOS="3209" WIDTH="53" HEIGHT="22" CONTENT="well" WC="1.00" CC="0000"/>
							<SP ID="P5_SP01061" HPOS="539" VPOS="3239" WIDTH="25"/>
							<String ID="P5_ST01312" HPOS="564" VPOS="3209" WIDTH="85" HEIGHT="21" CONTENT="known" WC="1.00" CC="10100"/>
						</TextLine>
						<TextLine ID="P5_TL00251" HPOS="112" VPOS="3257" WIDTH="537" HEIGHT="28">
							<String ID="P5_ST01313" HPOS="112" VPOS="3259" WIDTH="46" HEIGHT="24" CONTENT="and" WC="1.00" CC="010"/>
							<SP ID="P5_SP01062" HPOS="158" VPOS="3283" WIDTH="23"/>
							<String ID="P5_ST01314" HPOS="181" VPOS="3260" WIDTH="53" HEIGHT="22" CONTENT="well" WC="1.00" CC="0000"/>
							<SP ID="P5_SP01063" HPOS="234" VPOS="3283" WIDTH="24"/>
							<String ID="P5_ST01315" HPOS="258" VPOS="3259" WIDTH="62" HEIGHT="22" CONTENT="liked" WC="1.00" CC="00010"/>
							<SP ID="P5_SP01064" HPOS="320" VPOS="3283" WIDTH="21"/>
							<String ID="P5_ST01316" HPOS="341" VPOS="3267" WIDTH="30" HEIGHT="14" CONTENT="on" WC="1.00" CC="00"/>
							<SP ID="P5_SP01065" HPOS="371" VPOS="3283" WIDTH="22"/>
							<String ID="P5_ST01317" HPOS="393" VPOS="3265" WIDTH="103" HEIGHT="20" CONTENT="campus." WC="1.00" CC="1000010"/>
							<SP ID="P5_SP01066" HPOS="496" VPOS="3285" WIDTH="24"/>
							<String ID="P5_ST01318" HPOS="520" VPOS="3258" WIDTH="39" HEIGHT="21" CONTENT="2-4" WC="0.97" CC="100"/>
							<SP ID="P5_SP01067" HPOS="559" VPOS="3285" WIDTH="22"/>
							<String ID="P5_ST01319" HPOS="581" VPOS="3257" WIDTH="68" HEIGHT="22" CONTENT="hours" WC="1.00" CC="10000"/>
						</TextLine>
						<TextLine ID="P5_TL00252" HPOS="112" VPOS="3306" WIDTH="537" HEIGHT="29">
							<String ID="P5_ST01320" HPOS="112" VPOS="3316" WIDTH="42" HEIGHT="19" CONTENT="per" WC="1.00" CC="000"/>
							<SP ID="P5_SP01068" HPOS="154" VPOS="3335" WIDTH="25"/>
							<String ID="P5_ST01321" HPOS="179" VPOS="3308" WIDTH="75" HEIGHT="22" CONTENT="week." WC="1.00" CC="10020"/>
							<SP ID="P5_SP01069" HPOS="254" VPOS="3335" WIDTH="27"/>
							<String ID="P5_ST01322" HPOS="281" VPOS="3307" WIDTH="53" HEIGHT="22" CONTENT="Paid" WC="1.00" CC="0011"/>
							<SP ID="P5_SP01070" HPOS="334" VPOS="3335" WIDTH="24"/>
							<String ID="P5_ST01323" HPOS="358" VPOS="3315" WIDTH="30" HEIGHT="14" CONTENT="on" WC="1.00" CC="00"/>
							<SP ID="P5_SP01071" HPOS="388" VPOS="3335" WIDTH="25"/>
							<String ID="P5_ST01324" HPOS="413" VPOS="3307" WIDTH="68" HEIGHT="22" CONTENT="value" WC="1.00" CC="20010"/>
							<SP ID="P5_SP01072" HPOS="481" VPOS="3335" WIDTH="24"/>
							<String ID="P5_ST01325" HPOS="505" VPOS="3306" WIDTH="25" HEIGHT="22" CONTENT="of" WC="0.98" CC="10"/>
							<SP ID="P5_SP01073" HPOS="530" VPOS="3335" WIDTH="23"/>
							<String ID="P5_ST01326" HPOS="553" VPOS="3307" WIDTH="96" HEIGHT="20" CONTENT="service." WC="1.00" CC="00020000"/>
						</TextLine>
						<TextLine ID="P5_TL00253" HPOS="112" VPOS="3354" WIDTH="537" HEIGHT="29">
							<String ID="P5_ST01327" HPOS="112" VPOS="3356" WIDTH="142" HEIGHT="27" CONTENT="Probability" WC="1.00" CC="10010000001"/>
							<SP ID="P5_SP01074" HPOS="254" VPOS="3383" WIDTH="16"/>
							<String ID="P5_ST01328" HPOS="270" VPOS="3355" WIDTH="25" HEIGHT="22" CONTENT="of" WC="0.96" CC="01"/>
							<SP ID="P5_SP01075" HPOS="295" VPOS="3383" WIDTH="18"/>
							<String ID="P5_ST01329" HPOS="313" VPOS="3355" WIDTH="107" HEIGHT="25" CONTENT="$25-$5O" WC="0.99" CC="0110000"/>
							<SP ID="P5_SP01076" HPOS="420" VPOS="3383" WIDTH="17"/>
							<String ID="P5_ST01330" HPOS="437" VPOS="3363" WIDTH="41" HEIGHT="19" CONTENT="per" WC="1.00" CC="001"/>
							<SP ID="P5_SP01077" HPOS="478" VPOS="3383" WIDTH="17"/>
							<String ID="P5_ST01331" HPOS="495" VPOS="3355" WIDTH="75" HEIGHT="21" CONTENT="week." WC="1.00" CC="01110"/>
							<SP ID="P5_SP01078" HPOS="570" VPOS="3383" WIDTH="17"/>
							<String ID="P5_ST01332" HPOS="587" VPOS="3354" WIDTH="62" HEIGHT="22" CONTENT="Send" WC="1.00" CC="0100"/>
						</TextLine>
						<TextLine ID="P5_TL00254" HPOS="111" VPOS="3402" WIDTH="538" HEIGHT="25">
							<String ID="P5_ST01333" HPOS="111" VPOS="3411" WIDTH="93" HEIGHT="16" CONTENT="resume" WC="1.00" CC="010111"/>
							<SP ID="P5_SP01079" HPOS="204" VPOS="3427" WIDTH="23"/>
							<String ID="P5_ST01334" HPOS="227" VPOS="3408" WIDTH="22" HEIGHT="18" CONTENT="to" WC="1.00" CC="00"/>
							<SP ID="P5_SP01080" HPOS="249" VPOS="3427" WIDTH="25"/>
							<String ID="P5_ST01335" HPOS="274" VPOS="3404" WIDTH="77" HEIGHT="22" CONTENT="Public" WC="1.00" CC="010000"/>
							<SP ID="P5_SP01081" HPOS="351" VPOS="3427" WIDTH="23"/>
							<String ID="P5_ST01336" HPOS="374" VPOS="3404" WIDTH="116" HEIGHT="21" CONTENT="Relations" WC="1.00" CC="100100011"/>
							<SP ID="P5_SP01082" HPOS="490" VPOS="3427" WIDTH="24"/>
							<String ID="P5_ST01337" HPOS="514" VPOS="3402" WIDTH="135" HEIGHT="23" CONTENT="Consultant" WC="1.00" CC="1010001100"/>
						</TextLine>
						<TextLine ID="P5_TL00255" HPOS="110" VPOS="3451" WIDTH="537" HEIGHT="26">
							<String ID="P5_ST01338" HPOS="110" VPOS="3454" WIDTH="45" HEIGHT="23" CONTENT="c/o" WC="0.95" CC="110"/>
							<SP ID="P5_SP01083" HPOS="155" VPOS="3477" WIDTH="15"/>
							<String ID="P5_ST01339" HPOS="170" VPOS="3454" WIDTH="106" HEIGHT="23" CONTENT="Maroon," WC="1.00" CC="2110001"/>
							<SP ID="P5_SP01084" HPOS="276" VPOS="3477" WIDTH="17"/>
							<String ID="P5_ST01340" HPOS="293" VPOS="3453" WIDTH="45" HEIGHT="21" CONTENT="Box" WC="0.99" CC="111"/>
							<SP ID="P5_SP01085" HPOS="338" VPOS="3477" WIDTH="17"/>
							<String ID="P5_ST01341" HPOS="355" VPOS="3453" WIDTH="39" HEIGHT="24" CONTENT="64," WC="0.99" CC="100"/>
							<SP ID="P5_SP01086" HPOS="394" VPOS="3477" WIDTH="17"/>
							<String ID="P5_ST01342" HPOS="411" VPOS="3451" WIDTH="81" HEIGHT="26" CONTENT="Loyola" WC="1.00" CC="100101"/>
							<SP ID="P5_SP01087" HPOS="492" VPOS="3477" WIDTH="19"/>
							<String ID="P5_ST01343" HPOS="511" VPOS="3453" WIDTH="136" HEIGHT="24" CONTENT="University." WC="1.00" CC="00010110000"/>
						</TextLine>
						<TextLine ID="P5_TL00256" HPOS="218" VPOS="3708" WIDTH="312" HEIGHT="36">
							<String ID="P5_ST01344" HPOS="218" VPOS="3708" WIDTH="312" HEIGHT="36" CONTENT="INTERESTED" WC="1.00" CC="0000000000" STYLEREFS="TXT_13"/>
						</TextLine>
						<TextLine ID="P5_TL00257" HPOS="299" VPOS="3764" WIDTH="150" HEIGHT="35">
							<String ID="P5_ST01345" HPOS="299" VPOS="3764" WIDTH="51" HEIGHT="35" CONTENT="IN" WC="1.00" CC="00" STYLEREFS="TXT_13"/>
							<SP ID="P5_SP01088" HPOS="350" VPOS="3799" WIDTH="31"/>
							<String ID="P5_ST01346" HPOS="381" VPOS="3764" WIDTH="68" HEIGHT="34" CONTENT="AN" WC="1.00" CC="00" STYLEREFS="TXT_13"/>
						</TextLine>
						<TextLine ID="P5_TL00258" HPOS="240" VPOS="3819" WIDTH="270" HEIGHT="35">
							<String ID="P5_ST01347" HPOS="240" VPOS="3819" WIDTH="270" HEIGHT="35" CONTENT="OVERSEAS" WC="1.00" CC="00100000" STYLEREFS="TXT_13"/>
						</TextLine>
						<TextLine ID="P5_TL00259" HPOS="265" VPOS="3874" WIDTH="221" HEIGHT="35">
							<String ID="P5_ST01348" HPOS="265" VPOS="3874" WIDTH="221" HEIGHT="35" CONTENT="CAREER?" WC="1.00" CC="0000010" STYLEREFS="TXT_13"/>
						</TextLine>
						<TextLine ID="P5_TL00260" HPOS="229" VPOS="4333" WIDTH="299" HEIGHT="34">
							<String ID="P5_ST01349" HPOS="229" VPOS="4335" WIDTH="48" HEIGHT="25" CONTENT="Mr." WC="0.99" CC="111" STYLEREFS="TXT_14"/>
							<SP ID="P5_SP01089" HPOS="277" VPOS="4360" WIDTH="22"/>
							<String ID="P5_ST01350" HPOS="299" VPOS="4335" WIDTH="92" HEIGHT="32" CONTENT="Berger" WC="0.97" CC="011100" STYLEREFS="TXT_14"/>
							<SP ID="P5_SP01090" HPOS="391" VPOS="4367" WIDTH="20"/>
							<String ID="P5_ST01351" HPOS="411" VPOS="4333" WIDTH="117" HEIGHT="27" CONTENT="Erickson" WC="0.96" CC="00102101" STYLEREFS="TXT_14"/>
						</TextLine>
						<TextLine ID="P5_TL00261" HPOS="249" VPOS="4429" WIDTH="262" HEIGHT="24">
							<String ID="P5_ST01352" HPOS="249" VPOS="4431" WIDTH="42" HEIGHT="20" CONTENT="will" WC="1.00" CC="1000"/>
							<SP ID="P5_SP01091" HPOS="291" VPOS="4451" WIDTH="10"/>
							<String ID="P5_ST01353" HPOS="301" VPOS="4429" WIDTH="29" HEIGHT="21" CONTENT="be" WC="1.00" CC="00"/>
							<SP ID="P5_SP01092" HPOS="330" VPOS="4451" WIDTH="8"/>
							<String ID="P5_ST01354" HPOS="338" VPOS="4436" WIDTH="29" HEIGHT="13" CONTENT="on" WC="0.96" CC="11"/>
							<SP ID="P5_SP01093" HPOS="367" VPOS="4451" WIDTH="10"/>
							<String ID="P5_ST01355" HPOS="377" VPOS="4429" WIDTH="36" HEIGHT="20" CONTENT="the" WC="1.00" CC="010"/>
							<SP ID="P5_SP01094" HPOS="413" VPOS="4451" WIDTH="9"/>
							<String ID="P5_ST01356" HPOS="422" VPOS="4434" WIDTH="89" HEIGHT="19" CONTENT="campus" WC="1.00" CC="000011"/>
						</TextLine>
						<TextLine ID="P5_TL00262" HPOS="259" VPOS="4493" WIDTH="238" HEIGHT="32">
							<String ID="P5_ST01357" HPOS="259" VPOS="4493" WIDTH="90" HEIGHT="28" CONTENT="March" WC="1.00" CC="10001" STYLEREFS="TXT_14"/>
							<SP ID="P5_SP01095" HPOS="349" VPOS="4521" WIDTH="23"/>
							<String ID="P5_ST01358" HPOS="372" VPOS="4493" WIDTH="38" HEIGHT="32" CONTENT="19," WC="0.89" CC="003" STYLEREFS="TXT_14"/>
							<SP ID="P5_SP01096" HPOS="410" VPOS="4525" WIDTH="22"/>
							<String ID="P5_ST01359" HPOS="432" VPOS="4493" WIDTH="65" HEIGHT="27" CONTENT="1968" WC="0.97" CC="0011" STYLEREFS="TXT_14"/>
						</TextLine>
						<TextLine ID="P5_TL00263" HPOS="192" VPOS="4586" WIDTH="378" HEIGHT="27">
							<String ID="P5_ST01360" HPOS="192" VPOS="4596" WIDTH="23" HEIGHT="17" CONTENT="to" WC="0.98" CC="10"/>
							<SP ID="P5_SP01097" HPOS="215" VPOS="4613" WIDTH="8"/>
							<String ID="P5_ST01361" HPOS="223" VPOS="4591" WIDTH="81" HEIGHT="21" CONTENT="discuss" WC="1.00" CC="0010131"/>
							<SP ID="P5_SP01098" HPOS="304" VPOS="4613" WIDTH="10"/>
							<String ID="P5_ST01362" HPOS="314" VPOS="4588" WIDTH="35" HEIGHT="21" CONTENT="the" WC="0.99" CC="110"/>
							<SP ID="P5_SP01099" HPOS="349" VPOS="4613" WIDTH="10"/>
							<String ID="P5_ST01363" HPOS="359" VPOS="4588" WIDTH="91" HEIGHT="24" CONTENT="training" WC="1.00" CC="01310011"/>
							<SP ID="P5_SP01100" HPOS="450" VPOS="4613" WIDTH="9"/>
							<String ID="P5_ST01364" HPOS="459" VPOS="4586" WIDTH="83" HEIGHT="21" CONTENT="offered" WC="0.99" CC="0441110"/>
							<SP ID="P5_SP01101" HPOS="542" VPOS="4613" WIDTH="9"/>
							<String ID="P5_ST01365" HPOS="551" VPOS="4589" WIDTH="19" HEIGHT="17" CONTENT="at" WC="0.98" CC="10"/>
						</TextLine>
						<TextLine ID="P5_TL00264" HPOS="183" VPOS="4620" WIDTH="397" HEIGHT="28">
							<String ID="P5_ST01366" HPOS="183" VPOS="4627" WIDTH="82" HEIGHT="20" CONTENT="A.I.F.T." WC="0.96" CC="10101000"/>
							<SP ID="P5_SP01102" HPOS="265" VPOS="4647" WIDTH="11"/>
							<String ID="P5_ST01367" HPOS="276" VPOS="4626" WIDTH="33" HEIGHT="22" CONTENT="(an" WC="1.00" CC="010"/>
							<SP ID="P5_SP01103" HPOS="309" VPOS="4648" WIDTH="11"/>
							<String ID="P5_ST01368" HPOS="320" VPOS="4624" WIDTH="104" HEIGHT="21" CONTENT="intensive" WC="1.00" CC="000012011"/>
							<SP ID="P5_SP01104" HPOS="424" VPOS="4648" WIDTH="9"/>
							<String ID="P5_ST01369" HPOS="433" VPOS="4623" WIDTH="50" HEIGHT="19" CONTENT="nine" WC="1.00" CC="1000"/>
							<SP ID="P5_SP01105" HPOS="483" VPOS="4648" WIDTH="10"/>
							<String ID="P5_ST01370" HPOS="493" VPOS="4620" WIDTH="87" HEIGHT="22" CONTENT="months" WC="1.00" CC="101101"/>
						</TextLine>
						<TextLine ID="P5_TL00265" HPOS="166" VPOS="4655" WIDTH="431" HEIGHT="32">
							<String ID="P5_ST01371" HPOS="166" VPOS="4668" WIDTH="99" HEIGHT="19" CONTENT="program" WC="1.00" CC="0001121"/>
							<SP ID="P5_SP01106" HPOS="265" VPOS="4687" WIDTH="11"/>
							<String ID="P5_ST01372" HPOS="276" VPOS="4659" WIDTH="23" HEIGHT="22" CONTENT="of" WC="0.94" CC="01"/>
							<SP ID="P5_SP01107" HPOS="299" VPOS="4687" WIDTH="9"/>
							<String ID="P5_ST01373" HPOS="308" VPOS="4662" WIDTH="48" HEIGHT="24" CONTENT="post" WC="1.00" CC="0021"/>
							<SP ID="P5_SP01108" HPOS="356" VPOS="4687" WIDTH="9"/>
							<String ID="P5_ST01374" HPOS="365" VPOS="4658" WIDTH="102" HEIGHT="26" CONTENT="graduate" WC="1.00" CC="01101111"/>
							<SP ID="P5_SP01109" HPOS="467" VPOS="4687" WIDTH="8"/>
							<String ID="P5_ST01375" HPOS="475" VPOS="4655" WIDTH="69" HEIGHT="25" CONTENT="study)" WC="1.00" CC="111110"/>
							<SP ID="P5_SP01110" HPOS="544" VPOS="4687" WIDTH="10"/>
							<String ID="P5_ST01376" HPOS="554" VPOS="4655" WIDTH="43" HEIGHT="21" CONTENT="and" WC="0.99" CC="201"/>
						</TextLine>
						<TextLine ID="P5_TL00266" HPOS="205" VPOS="4694" WIDTH="352" HEIGHT="28">
							<String ID="P5_ST01377" HPOS="205" VPOS="4697" WIDTH="37" HEIGHT="21" CONTENT="the" WC="0.99" CC="110"/>
							<SP ID="P5_SP01111" HPOS="242" VPOS="4718" WIDTH="7"/>
							<String ID="P5_ST01378" HPOS="249" VPOS="4696" WIDTH="39" HEIGHT="26" CONTENT="job" WC="1.00" CC="100"/>
							<SP ID="P5_SP01112" HPOS="288" VPOS="4722" WIDTH="10"/>
							<String ID="P5_ST01379" HPOS="298" VPOS="4694" WIDTH="159" HEIGHT="26" CONTENT="opportunities" WC="1.00" CC="0000011001101"/>
							<SP ID="P5_SP01113" HPOS="457" VPOS="4722" WIDTH="8"/>
							<String ID="P5_ST01380" HPOS="465" VPOS="4697" WIDTH="59" HEIGHT="20" CONTENT="open" WC="1.00" CC="0011"/>
							<SP ID="P5_SP01114" HPOS="524" VPOS="4722" WIDTH="10"/>
							<String ID="P5_ST01381" HPOS="534" VPOS="4694" WIDTH="23" HEIGHT="17" CONTENT="to" WC="1.00" CC="00"/>
						</TextLine>
						<TextLine ID="P5_TL00267" HPOS="241" VPOS="4725" WIDTH="281" HEIGHT="33">
							<String ID="P5_ST01382" HPOS="241" VPOS="4731" WIDTH="112" HEIGHT="27" CONTENT="graduates" WC="1.00" CC="201111101"/>
							<SP ID="P5_SP01115" HPOS="353" VPOS="4758" WIDTH="10"/>
							<String ID="P5_ST01383" HPOS="363" VPOS="4731" WIDTH="20" HEIGHT="19" CONTENT="in" WC="0.98" CC="01"/>
							<SP ID="P5_SP01116" HPOS="383" VPOS="4758" WIDTH="10"/>
							<String ID="P5_ST01384" HPOS="393" VPOS="4728" WIDTH="36" HEIGHT="22" CONTENT="the" WC="0.99" CC="110"/>
							<SP ID="P5_SP01117" HPOS="429" VPOS="4758" WIDTH="9"/>
							<String ID="P5_ST01385" HPOS="438" VPOS="4726" WIDTH="50" HEIGHT="22" CONTENT="field" WC="1.00" CC="11001"/>
							<SP ID="P5_SP01118" HPOS="488" VPOS="4758" WIDTH="9"/>
							<String ID="P5_ST01386" HPOS="497" VPOS="4725" WIDTH="25" HEIGHT="22" CONTENT="of" WC="0.94" CC="01"/>
						</TextLine>
						<TextLine ID="P5_TL00268" HPOS="209" VPOS="4761" WIDTH="345" HEIGHT="27">
							<String ID="P5_ST01387" HPOS="209" VPOS="4765" WIDTH="206" HEIGHT="23" CONTENT="INTERNATIONAL" WC="1.00" CC="0201101010111"/>
							<SP ID="P5_SP01119" HPOS="415" VPOS="4788" WIDTH="8"/>
							<String ID="P5_ST01388" HPOS="423" VPOS="4763" WIDTH="80" HEIGHT="21" CONTENT="TRADE" WC="1.00" CC="01111"/>
							<SP ID="P5_SP01120" HPOS="503" VPOS="4788" WIDTH="9"/>
							<String ID="P5_ST01389" HPOS="512" VPOS="4761" WIDTH="42" HEIGHT="22" CONTENT="and" WC="0.99" CC="111"/>
						</TextLine>
						<TextLine ID="P5_TL00269" HPOS="235" VPOS="4798" WIDTH="290" HEIGHT="25">
							<String ID="P5_ST01390" HPOS="235" VPOS="4801" WIDTH="178" HEIGHT="22" CONTENT="GOVERNMENT" WC="1.00" CC="1000101110"/>
							<SP ID="P5_SP01121" HPOS="413" VPOS="4823" WIDTH="9"/>
							<String ID="P5_ST01391" HPOS="422" VPOS="4798" WIDTH="103" HEIGHT="22" CONTENT="SERVICE." WC="1.00" CC="11110000"/>
						</TextLine>
						<TextLine ID="P5_TL00270" HPOS="197" VPOS="4874" WIDTH="370" HEIGHT="28">
							<String ID="P5_ST01392" HPOS="197" VPOS="4879" WIDTH="120" HEIGHT="20" CONTENT="Interviews" WC="1.00" CC="0111010111"/>
							<SP ID="P5_SP01122" HPOS="317" VPOS="4899" WIDTH="10"/>
							<String ID="P5_ST01393" HPOS="327" VPOS="4884" WIDTH="47" HEIGHT="18" CONTENT="may" WC="0.99" CC="111"/>
							<SP ID="P5_SP01123" HPOS="374" VPOS="4902" WIDTH="9"/>
							<String ID="P5_ST01394" HPOS="383" VPOS="4877" WIDTH="27" HEIGHT="21" CONTENT="be" WC="1.00" CC="00"/>
							<SP ID="P5_SP01124" HPOS="410" VPOS="4902" WIDTH="10"/>
							<String ID="P5_ST01395" HPOS="420" VPOS="4874" WIDTH="117" HEIGHT="23" CONTENT="scheduled" WC="1.00" CC="111111000"/>
							<SP ID="P5_SP01125" HPOS="537" VPOS="4902" WIDTH="10"/>
							<String ID="P5_ST01396" HPOS="547" VPOS="4877" WIDTH="20" HEIGHT="18" CONTENT="at" WC="0.96" CC="01"/>
						</TextLine>
						<TextLine ID="P5_TL00271" HPOS="172" VPOS="4926" WIDTH="408" HEIGHT="30">
							<String ID="P5_ST01397" HPOS="172" VPOS="4929" WIDTH="62" HEIGHT="26" CONTENT="THE" WC="1.00" CC="000" STYLEREFS="TXT_15"/>
							<SP ID="P5_SP01126" HPOS="234" VPOS="4955" WIDTH="21"/>
							<String ID="P5_ST01398" HPOS="255" VPOS="4929" WIDTH="196" HEIGHT="27" CONTENT="PLACEMENT" WC="1.00" CC="100001010" STYLEREFS="TXT_15"/>
							<SP ID="P5_SP01127" HPOS="451" VPOS="4956" WIDTH="18"/>
							<String ID="P5_ST01399" HPOS="469" VPOS="4926" WIDTH="111" HEIGHT="29" CONTENT="OFFICE" WC="1.00" CC="000001" STYLEREFS="TXT_15"/>
						</TextLine>
						<TextLine ID="P5_TL00272" HPOS="199" VPOS="5024" WIDTH="358" HEIGHT="30">
							<String ID="P5_ST01400" HPOS="199" VPOS="5026" WIDTH="59" HEIGHT="28" CONTENT="The" WC="1.00" CC="000" STYLEREFS="TXT_15"/>
							<SP ID="P5_SP01128" HPOS="258" VPOS="5054" WIDTH="11"/>
							<String ID="P5_ST01401" HPOS="269" VPOS="5025" WIDTH="149" HEIGHT="28" CONTENT="American" WC="1.00" CC="00101010" STYLEREFS="TXT_15"/>
							<SP ID="P5_SP01129" HPOS="418" VPOS="5054" WIDTH="13"/>
							<String ID="P5_ST01402" HPOS="431" VPOS="5024" WIDTH="126" HEIGHT="28" CONTENT="Institute" WC="1.00" CC="011101110" STYLEREFS="TXT_15"/>
						</TextLine>
						<TextLine ID="P5_TL00273" HPOS="242" VPOS="5068" WIDTH="275" HEIGHT="37">
							<String ID="P5_ST01403" HPOS="242" VPOS="5072" WIDTH="49" HEIGHT="26" CONTENT="For" WC="1.00" CC="000" STYLEREFS="TXT_15"/>
							<SP ID="P5_SP01130" HPOS="291" VPOS="5098" WIDTH="11"/>
							<String ID="P5_ST01404" HPOS="302" VPOS="5069" WIDTH="115" HEIGHT="36" CONTENT="Foreign" WC="1.00" CC="0001021" STYLEREFS="TXT_15"/>
							<SP ID="P5_SP01131" HPOS="417" VPOS="5105" WIDTH="11"/>
							<String ID="P5_ST01405" HPOS="428" VPOS="5068" WIDTH="89" HEIGHT="28" CONTENT="Trade" WC="1.00" CC="00100" STYLEREFS="TXT_15"/>
						</TextLine>
						<TextLine ID="P5_TL00274" HPOS="254" VPOS="5134" WIDTH="249" HEIGHT="25">
							<String ID="P5_ST01406" HPOS="254" VPOS="5134" WIDTH="147" HEIGHT="22" CONTENT="Thunderbird" WC="0.95" CC="01011111111" STYLEREFS="TXT_1"/>
							<SP ID="P5_SP01132" HPOS="401" VPOS="5156" WIDTH="10"/>
							<String ID="P5_ST01407" HPOS="411" VPOS="5137" WIDTH="92" HEIGHT="22" CONTENT="Campus" WC="0.99" CC="081214"/>
						</TextLine>
						<TextLine ID="P5_TL00275" HPOS="252" VPOS="5170" WIDTH="255" HEIGHT="24">
							<String ID="P5_ST01408" HPOS="252" VPOS="5170" WIDTH="120" HEIGHT="24" CONTENT="PHOENIX," WC="1.00" CC="10011005" STYLEREFS="TXT_1"/>
							<SP ID="P5_SP01133" HPOS="372" VPOS="5194" WIDTH="15"/>
							<String ID="P5_ST01409" HPOS="387" VPOS="5170" WIDTH="120" HEIGHT="21" CONTENT="ARIZONA" WC="1.00" CC="1201011" STYLEREFS="TXT_1"/>
						</TextLine>
						<TextLine ID="P5_TL00276" HPOS="299" VPOS="5204" WIDTH="154" HEIGHT="18">
							<String ID="P5_ST01410" HPOS="299" VPOS="5205" WIDTH="28" HEIGHT="16" CONTENT="An" WC="0.94" CC="11" STYLEREFS="TXT_16"/>
							<SP ID="P5_SP01134" HPOS="327" VPOS="5221" WIDTH="10"/>
							<String ID="P5_ST01411" HPOS="337" VPOS="5204" WIDTH="80" HEIGHT="17" CONTENT="Affiliate" WC="0.99" CC="132101913" STYLEREFS="TXT_16"/>
							<SP ID="P5_SP01135" HPOS="417" VPOS="5221" WIDTH="9"/>
							<String ID="P5_ST01412" HPOS="426" VPOS="5204" WIDTH="27" HEIGHT="18" CONTENT="Of" WC="0.93" CC="02" STYLEREFS="TXT_16"/>
						</TextLine>
						<TextLine ID="P5_TL00277" HPOS="168" VPOS="5227" WIDTH="416" HEIGHT="21">
							<String ID="P5_ST01413" HPOS="168" VPOS="5227" WIDTH="38" HEIGHT="20" CONTENT="The" WC="0.99" CC="011" STYLEREFS="TXT_16"/>
							<SP ID="P5_SP01136" HPOS="206" VPOS="5247" WIDTH="9"/>
							<String ID="P5_ST01414" HPOS="215" VPOS="5229" WIDTH="98" HEIGHT="17" CONTENT="American" WC="1.00" CC="11210140" STYLEREFS="TXT_16"/>
							<SP ID="P5_SP01137" HPOS="313" VPOS="5247" WIDTH="9"/>
							<String ID="P5_ST01415" HPOS="322" VPOS="5228" WIDTH="135" HEIGHT="20" CONTENT="Management" WC="1.00" CC="0307101101" STYLEREFS="TXT_16"/>
							<SP ID="P5_SP01138" HPOS="457" VPOS="5248" WIDTH="7"/>
							<String ID="P5_ST01416" HPOS="464" VPOS="5228" WIDTH="120" HEIGHT="17" CONTENT="Association" WC="1.00" CC="11300040111" STYLEREFS="TXT_16"/>
						</TextLine>
					</TextBlock>
				</ComposedBlock>
				<ComposedBlock ID="P5_CB00003" HPOS="1285" VPOS="2541" WIDTH="1924" HEIGHT="2719" TYPE="Advertisement">
					<TextBlock ID="P5_TB00027" HPOS="1285" VPOS="2541" WIDTH="1924" HEIGHT="2719" STYLEREFS="TXT_17 PAR_LEFT">
						<TextLine ID="P5_TL00278" HPOS="1290" VPOS="2894" WIDTH="1395" HEIGHT="352">
							<String ID="P5_ST01417" HPOS="1290" VPOS="3097" WIDTH="176" HEIGHT="112" CONTENT="the" WC="0.98" CC="400"/>
							<SP ID="P5_SP01139" HPOS="1466" VPOS="3209" WIDTH="51"/>
							<String ID="P5_ST01418" HPOS="1517" VPOS="2914" WIDTH="162" HEIGHT="295" CONTENT="_fV." WC="0.36" CC="1877"/>
							<SP ID="P5_SP01140" HPOS="1679" VPOS="3209" WIDTH="27"/>
							<String ID="P5_ST01419" HPOS="1706" VPOS="3124" WIDTH="82" HEIGHT="81" CONTENT="r-" WC="0.10" CC="98"/>
							<SP ID="P5_SP01141" HPOS="1788" VPOS="3209" WIDTH="210"/>
							<String ID="P5_ST01420" HPOS="1998" VPOS="2894" WIDTH="393" HEIGHT="352" CONTENT="'JjiJjp" WC="0.37" CC="3994744"/>
							<String ID="P5_ST01421" HPOS="2394" VPOS="3131" WIDTH="291" HEIGHT="84" CONTENT="ower" WC="0.97" CC="0445"/>
						</TextLine>
						<TextLine ID="P5_TL00279" HPOS="1287" VPOS="3239" WIDTH="646" HEIGHT="122">
							<String ID="P5_ST01422" HPOS="1287" VPOS="3239" WIDTH="274" HEIGHT="115" CONTENT="does" WC="1.00" CC="0000"/>
							<SP ID="P5_SP01142" HPOS="1561" VPOS="3354" WIDTH="41"/>
							<String ID="P5_ST01423" HPOS="1602" VPOS="3270" WIDTH="331" HEIGHT="91" CONTENT="more," WC="1.00" CC="00010"/>
						</TextLine>
						<TextLine ID="P5_TL00280" HPOS="1287" VPOS="3381" WIDTH="585" HEIGHT="119">
							<String ID="P5_ST01424" HPOS="1287" VPOS="3402" WIDTH="311" HEIGHT="95" CONTENT="costs" WC="0.99" CC="00060"/>
							<SP ID="P5_SP01143" HPOS="1598" VPOS="3497" WIDTH="34"/>
							<String ID="P5_ST01425" HPOS="1632" VPOS="3381" WIDTH="240" HEIGHT="119" CONTENT="less!" WC="1.00" CC="00002"/>
						</TextLine>
						<TextLine ID="P5_TL00281" HPOS="1290" VPOS="3583" WIDTH="1605" HEIGHT="70">
							<String ID="P5_ST01426" HPOS="1290" VPOS="3583" WIDTH="350" HEIGHT="69" CONTENT="—Electricity" WC="0.99" CC="816020302025"/>
							<SP ID="P5_SP01144" HPOS="1640" VPOS="3652" WIDTH="22"/>
							<String ID="P5_ST01427" HPOS="1662" VPOS="3585" WIDTH="83" HEIGHT="49" CONTENT="for" WC="0.96" CC="054"/>
							<SP ID="P5_SP01145" HPOS="1745" VPOS="3652" WIDTH="19"/>
							<String ID="P5_ST01428" HPOS="1764" VPOS="3600" WIDTH="135" HEIGHT="52" CONTENT="your" WC="0.99" CC="2040"/>
							<SP ID="P5_SP01146" HPOS="1899" VPOS="3652" WIDTH="21"/>
							<String ID="P5_ST01429" HPOS="1920" VPOS="3585" WIDTH="333" HEIGHT="50" CONTENT="home—now" WC="1.00" CC="00108000"/>
							<SP ID="P5_SP01147" HPOS="2253" VPOS="3652" WIDTH="19"/>
							<String ID="P5_ST01430" HPOS="2272" VPOS="3585" WIDTH="165" HEIGHT="68" CONTENT="doing" WC="0.99" CC="40050"/>
							<SP ID="P5_SP01148" HPOS="2437" VPOS="3653" WIDTH="22"/>
							<String ID="P5_ST01431" HPOS="2459" VPOS="3601" WIDTH="148" HEIGHT="34" CONTENT="more" WC="0.99" CC="0030"/>
							<SP ID="P5_SP01149" HPOS="2607" VPOS="3653" WIDTH="14"/>
							<String ID="P5_ST01432" HPOS="2621" VPOS="3585" WIDTH="124" HEIGHT="68" CONTENT="jobs" WC="1.00" CC="0000"/>
							<SP ID="P5_SP01150" HPOS="2745" VPOS="3653" WIDTH="22"/>
							<String ID="P5_ST01433" HPOS="2767" VPOS="3585" WIDTH="128" HEIGHT="50" CONTENT="than" WC="0.97" CC="3044"/>
						</TextLine>
						<TextLine ID="P5_TL00282" HPOS="1288" VPOS="3689" WIDTH="1463" HEIGHT="71">
							<String ID="P5_ST01434" HPOS="1288" VPOS="3703" WIDTH="122" HEIGHT="34" CONTENT="ever" WC="0.99" CC="0003"/>
							<SP ID="P5_SP01151" HPOS="1410" VPOS="3737" WIDTH="22"/>
							<String ID="P5_ST01435" HPOS="1432" VPOS="3689" WIDTH="204" HEIGHT="50" CONTENT="before!" WC="0.99" CC="2003300"/>
							<SP ID="P5_SP01152" HPOS="1636" VPOS="3739" WIDTH="24"/>
							<String ID="P5_ST01436" HPOS="1660" VPOS="3690" WIDTH="203" HEIGHT="50" CONTENT="You're" WC="0.98" CC="707400"/>
							<SP ID="P5_SP01153" HPOS="1863" VPOS="3740" WIDTH="24"/>
							<String ID="P5_ST01437" HPOS="1887" VPOS="3698" WIDTH="93" HEIGHT="42" CONTENT="not" WC="1.00" CC="000"/>
							<SP ID="P5_SP01154" HPOS="1980" VPOS="3740" WIDTH="21"/>
							<String ID="P5_ST01438" HPOS="2001" VPOS="3690" WIDTH="126" HEIGHT="69" CONTENT="only" WC="1.00" CC="2000"/>
							<SP ID="P5_SP01155" HPOS="2127" VPOS="3759" WIDTH="21"/>
							<String ID="P5_ST01439" HPOS="2148" VPOS="3691" WIDTH="232" HEIGHT="69" CONTENT="cooking" WC="1.00" CC="0201000"/>
							<SP ID="P5_SP01156" HPOS="2380" VPOS="3760" WIDTH="22"/>
							<String ID="P5_ST01440" HPOS="2402" VPOS="3691" WIDTH="105" HEIGHT="50" CONTENT="and" WC="0.99" CC="003"/>
							<SP ID="P5_SP01157" HPOS="2507" VPOS="3760" WIDTH="23"/>
							<String ID="P5_ST01441" HPOS="2530" VPOS="3691" WIDTH="221" HEIGHT="69" CONTENT="lighting" WC="1.00" CC="30000000"/>
						</TextLine>
						<TextLine ID="P5_TL00283" HPOS="1286" VPOS="3789" WIDTH="1076" HEIGHT="71">
							<String ID="P5_ST01442" HPOS="1286" VPOS="3789" WIDTH="127" HEIGHT="50" CONTENT="with" WC="0.99" CC="0040"/>
							<SP ID="P5_SP01158" HPOS="1413" VPOS="3839" WIDTH="23"/>
							<String ID="P5_ST01443" HPOS="1436" VPOS="3790" WIDTH="285" HEIGHT="69" CONTENT="electricity" WC="1.00" CC="20120024000"/>
							<SP ID="P5_SP01159" HPOS="1721" VPOS="3859" WIDTH="20"/>
							<String ID="P5_ST01444" HPOS="1741" VPOS="3821" WIDTH="48" HEIGHT="4" CONTENT="—" WC="0.20" CC="8"/>
							<SP ID="P5_SP01160" HPOS="1789" VPOS="3859" WIDTH="20"/>
							<String ID="P5_ST01445" HPOS="1809" VPOS="3793" WIDTH="184" HEIGHT="67" CONTENT="you're" WC="0.99" CC="000422"/>
							<SP ID="P5_SP01161" HPOS="1993" VPOS="3860" WIDTH="23"/>
							<String ID="P5_ST01446" HPOS="2016" VPOS="3791" WIDTH="111" HEIGHT="50" CONTENT="also" WC="1.00" CC="0100"/>
							<SP ID="P5_SP01162" HPOS="2127" VPOS="3860" WIDTH="23"/>
							<String ID="P5_ST01447" HPOS="2150" VPOS="3791" WIDTH="153" HEIGHT="69" CONTENT="using" WC="1.00" CC="00000"/>
							<SP ID="P5_SP01163" HPOS="2303" VPOS="3860" WIDTH="22"/>
							<String ID="P5_ST01448" HPOS="2325" VPOS="3791" WIDTH="37" HEIGHT="51" CONTENT="it" WC="0.95" CC="00"/>
						</TextLine>
						<TextLine ID="P5_TL00284" HPOS="1287" VPOS="3892" WIDTH="1229" HEIGHT="71">
							<String ID="P5_ST01449" HPOS="1287" VPOS="3900" WIDTH="53" HEIGHT="41" CONTENT="to" WC="0.85" CC="02"/>
							<SP ID="P5_SP01164" HPOS="1340" VPOS="3941" WIDTH="22"/>
							<String ID="P5_ST01450" HPOS="1362" VPOS="3892" WIDTH="146" HEIGHT="49" CONTENT="wash" WC="1.00" CC="0000"/>
							<SP ID="P5_SP01165" HPOS="1508" VPOS="3941" WIDTH="23"/>
							<String ID="P5_ST01451" HPOS="1531" VPOS="3893" WIDTH="107" HEIGHT="49" CONTENT="and" WC="1.00" CC="000"/>
							<SP ID="P5_SP01166" HPOS="1638" VPOS="3942" WIDTH="23"/>
							<String ID="P5_ST01452" HPOS="1661" VPOS="3893" WIDTH="95" HEIGHT="68" CONTENT="dry" WC="0.99" CC="020"/>
							<SP ID="P5_SP01167" HPOS="1756" VPOS="3961" WIDTH="22"/>
							<String ID="P5_ST01453" HPOS="1778" VPOS="3895" WIDTH="218" HEIGHT="60" CONTENT="clothes," WC="1.00" CC="00000003"/>
							<SP ID="P5_SP01168" HPOS="1996" VPOS="3961" WIDTH="25"/>
							<String ID="P5_ST01454" HPOS="2021" VPOS="3895" WIDTH="163" HEIGHT="49" CONTENT="brush" WC="1.00" CC="00000"/>
							<SP ID="P5_SP01169" HPOS="2184" VPOS="3961" WIDTH="19"/>
							<String ID="P5_ST01455" HPOS="2203" VPOS="3911" WIDTH="135" HEIGHT="52" CONTENT="your" WC="0.99" CC="0600"/>
							<SP ID="P5_SP01170" HPOS="2338" VPOS="3963" WIDTH="22"/>
							<String ID="P5_ST01456" HPOS="2360" VPOS="3895" WIDTH="156" HEIGHT="59" CONTENT="teeth," WC="1.00" CC="200001"/>
						</TextLine>
						<TextLine ID="P5_TL00285" HPOS="1287" VPOS="3994" WIDTH="1651" HEIGHT="71">
							<String ID="P5_ST01457" HPOS="1287" VPOS="4010" WIDTH="132" HEIGHT="33" CONTENT="even" WC="1.00" CC="0000"/>
							<SP ID="P5_SP01171" HPOS="1419" VPOS="4043" WIDTH="24"/>
							<String ID="P5_ST01458" HPOS="1443" VPOS="3994" WIDTH="275" HEIGHT="51" CONTENT="manicure" WC="1.00" CC="00023010"/>
							<SP ID="P5_SP01172" HPOS="1718" VPOS="4045" WIDTH="21"/>
							<String ID="P5_ST01459" HPOS="1739" VPOS="4012" WIDTH="136" HEIGHT="52" CONTENT="your" WC="1.00" CC="0000"/>
							<SP ID="P5_SP01173" HPOS="1875" VPOS="4064" WIDTH="20"/>
							<String ID="P5_ST01460" HPOS="1895" VPOS="3996" WIDTH="154" HEIGHT="51" CONTENT="nails!" WC="1.00" CC="002000"/>
							<SP ID="P5_SP01174" HPOS="2049" VPOS="4064" WIDTH="26"/>
							<String ID="P5_ST01461" HPOS="2075" VPOS="3997" WIDTH="125" HEIGHT="50" CONTENT="And" WC="1.00" CC="000"/>
							<SP ID="P5_SP01175" HPOS="2200" VPOS="4064" WIDTH="24"/>
							<String ID="P5_ST01462" HPOS="2224" VPOS="4015" WIDTH="112" HEIGHT="32" CONTENT="now" WC="1.00" CC="000"/>
							<SP ID="P5_SP01176" HPOS="2336" VPOS="4064" WIDTH="22"/>
							<String ID="P5_ST01463" HPOS="2358" VPOS="3997" WIDTH="86" HEIGHT="50" CONTENT="the" WC="0.99" CC="300"/>
							<SP ID="P5_SP01177" HPOS="2444" VPOS="4064" WIDTH="23"/>
							<String ID="P5_ST01464" HPOS="2467" VPOS="4012" WIDTH="221" HEIGHT="53" CONTENT="average" WC="1.00" CC="0003000"/>
							<SP ID="P5_SP01178" HPOS="2688" VPOS="4065" WIDTH="23"/>
							<String ID="P5_ST01465" HPOS="2711" VPOS="4005" WIDTH="111" HEIGHT="41" CONTENT="cost" WC="0.99" CC="1300"/>
							<SP ID="P5_SP01179" HPOS="2822" VPOS="4065" WIDTH="22"/>
							<String ID="P5_ST01466" HPOS="2844" VPOS="4012" WIDTH="94" HEIGHT="53" CONTENT="per" WC="1.00" CC="000"/>
						</TextLine>
						<TextLine ID="P5_TL00286" HPOS="1286" VPOS="4095" WIDTH="1434" HEIGHT="72">
							<String ID="P5_ST01467" HPOS="1286" VPOS="4095" WIDTH="403" HEIGHT="53" CONTENT="kilowatt-hour" WC="1.00" CC="0020000010000"/>
							<SP ID="P5_SP01180" HPOS="1689" VPOS="4148" WIDTH="22"/>
							<String ID="P5_ST01468" HPOS="1711" VPOS="4099" WIDTH="84" HEIGHT="49" CONTENT="for" WC="1.00" CC="001"/>
							<SP ID="P5_SP01181" HPOS="1795" VPOS="4148" WIDTH="17"/>
							<String ID="P5_ST01469" HPOS="1812" VPOS="4116" WIDTH="137" HEIGHT="51" CONTENT="your" WC="1.00" CC="0000"/>
							<SP ID="P5_SP01182" HPOS="1949" VPOS="4167" WIDTH="21"/>
							<String ID="P5_ST01470" HPOS="1970" VPOS="4100" WIDTH="304" HEIGHT="51" CONTENT="residential" WC="1.00" CC="00000000001"/>
							<SP ID="P5_SP01183" HPOS="2274" VPOS="4167" WIDTH="23"/>
							<String ID="P5_ST01471" HPOS="2297" VPOS="4100" WIDTH="205" HEIGHT="51" CONTENT="electric" WC="1.00" CC="30003003"/>
							<SP ID="P5_SP01184" HPOS="2502" VPOS="4167" WIDTH="22"/>
							<String ID="P5_ST01472" HPOS="2524" VPOS="4100" WIDTH="196" HEIGHT="51" CONTENT="service" WC="0.99" CC="0050030"/>
						</TextLine>
						<TextLine ID="P5_TL00287" HPOS="1286" VPOS="4198" WIDTH="1243" HEIGHT="74">
							<String ID="P5_ST01473" HPOS="1286" VPOS="4198" WIDTH="40" HEIGHT="50" CONTENT="is" WC="0.96" CC="00"/>
							<SP ID="P5_SP01185" HPOS="1326" VPOS="4248" WIDTH="22"/>
							<String ID="P5_ST01474" HPOS="1348" VPOS="4198" WIDTH="127" HEIGHT="68" CONTENT="only" WC="0.99" CC="0030"/>
							<SP ID="P5_SP01186" HPOS="1475" VPOS="4266" WIDTH="22"/>
							<String ID="P5_ST01475" HPOS="1497" VPOS="4199" WIDTH="166" HEIGHT="51" CONTENT="about" WC="1.00" CC="00000"/>
							<SP ID="P5_SP01187" HPOS="1663" VPOS="4266" WIDTH="21"/>
							<String ID="P5_ST01476" HPOS="1684" VPOS="4217" WIDTH="105" HEIGHT="34" CONTENT="one" WC="1.00" CC="000"/>
							<SP ID="P5_SP01188" HPOS="1789" VPOS="4266" WIDTH="23"/>
							<String ID="P5_ST01477" HPOS="1812" VPOS="4202" WIDTH="121" HEIGHT="49" CONTENT="half" WC="1.00" CC="0000"/>
							<SP ID="P5_SP01189" HPOS="1933" VPOS="4266" WIDTH="12"/>
							<String ID="P5_ST01478" HPOS="1945" VPOS="4203" WIDTH="143" HEIGHT="51" CONTENT="what" WC="1.00" CC="0000"/>
							<SP ID="P5_SP01190" HPOS="2088" VPOS="4266" WIDTH="22"/>
							<String ID="P5_ST01479" HPOS="2110" VPOS="4204" WIDTH="37" HEIGHT="50" CONTENT="it" WC="1.00" CC="00"/>
							<SP ID="P5_SP01191" HPOS="2147" VPOS="4266" WIDTH="20"/>
							<String ID="P5_ST01480" HPOS="2167" VPOS="4220" WIDTH="106" HEIGHT="34" CONTENT="was" WC="1.00" CC="000"/>
							<SP ID="P5_SP01192" HPOS="2273" VPOS="4266" WIDTH="23"/>
							<String ID="P5_ST01481" HPOS="2296" VPOS="4204" WIDTH="62" HEIGHT="49" CONTENT="25" WC="0.63" CC="16"/>
							<SP ID="P5_SP01193" HPOS="2358" VPOS="4266" WIDTH="22"/>
							<String ID="P5_ST01482" HPOS="2380" VPOS="4220" WIDTH="149" HEIGHT="52" CONTENT="years" WC="1.00" CC="01000"/>
						</TextLine>
						<TextLine ID="P5_TL00288" HPOS="1287" VPOS="4303" WIDTH="852" HEIGHT="70">
							<String ID="P5_ST01483" HPOS="1287" VPOS="4316" WIDTH="99" HEIGHT="53" CONTENT="ago" WC="0.99" CC="003"/>
							<SP ID="P5_SP01194" HPOS="1386" VPOS="4369" WIDTH="23"/>
							<String ID="P5_ST01484" HPOS="1409" VPOS="4331" WIDTH="47" HEIGHT="5" CONTENT="—" WC="1.00" CC="0"/>
							<SP ID="P5_SP01195" HPOS="1456" VPOS="4369" WIDTH="24"/>
							<String ID="P5_ST01485" HPOS="1480" VPOS="4303" WIDTH="106" HEIGHT="49" CONTENT="and" WC="1.00" CC="000"/>
							<SP ID="P5_SP01196" HPOS="1586" VPOS="4369" WIDTH="21"/>
							<String ID="P5_ST01486" HPOS="1607" VPOS="4304" WIDTH="183" HEIGHT="67" CONTENT="you're" WC="0.99" CC="040300"/>
							<SP ID="P5_SP01197" HPOS="1790" VPOS="4371" WIDTH="25"/>
							<String ID="P5_ST01487" HPOS="1815" VPOS="4304" WIDTH="153" HEIGHT="69" CONTENT="using" WC="1.00" CC="00000"/>
							<SP ID="P5_SP01198" HPOS="1968" VPOS="4373" WIDTH="22"/>
							<String ID="P5_ST01488" HPOS="1990" VPOS="4306" WIDTH="149" HEIGHT="51" CONTENT="twice" WC="1.00" CC="00010"/>
						</TextLine>
						<TextLine ID="P5_TL00289" HPOS="1286" VPOS="4403" WIDTH="265" HEIGHT="50">
							<String ID="P5_ST01489" HPOS="1286" VPOS="4419" WIDTH="56" HEIGHT="33" CONTENT="as" WC="1.00" CC="00"/>
							<SP ID="P5_SP01199" HPOS="1342" VPOS="4452" WIDTH="21"/>
							<String ID="P5_ST01490" HPOS="1363" VPOS="4403" WIDTH="188" HEIGHT="50" CONTENT="much!" WC="1.00" CC="00002"/>
							<SP ID="P5_SP01200" HPOS="1551" VPOS="4453" WIDTH="0"/>
						</TextLine>
						<TextLine ID="P5_TL00290" HPOS="1785" VPOS="4499" WIDTH="579" HEIGHT="61">
							<String ID="P5_ST01491" HPOS="1785" VPOS="4504" WIDTH="27" HEIGHT="39" CONTENT="/" WC="0.34" CC="6"/>
							<SP ID="P5_SP01201" HPOS="1812" VPOS="4543" WIDTH="78"/>
							<String ID="P5_ST01492" HPOS="1890" VPOS="4499" WIDTH="90" HEIGHT="41" CONTENT="Jleti." WC="0.34" CC="595764"/>
							<SP ID="P5_SP01202" HPOS="1980" VPOS="4543" WIDTH="21"/>
							<String ID="P5_ST01493" HPOS="2001" VPOS="4499" WIDTH="93" HEIGHT="58" CONTENT="Jzeep." WC="0.41" CC="725793"/>
							<SP ID="P5_SP01203" HPOS="2094" VPOS="4557" WIDTH="21"/>
							<String ID="P5_ST01494" HPOS="2115" VPOS="4502" WIDTH="98" HEIGHT="56" CONTENT="(food" WC="0.96" CC="02879"/>
							<SP ID="P5_SP01204" HPOS="2213" VPOS="4558" WIDTH="20"/>
							<String ID="P5_ST01495" HPOS="2233" VPOS="4502" WIDTH="131" HEIGHT="58" CONTENT="Uuafyi" WC="0.22" CC="878776"/>
						</TextLine>
						<TextLine ID="P5_TL00291" HPOS="1859" VPOS="4557" WIDTH="532" HEIGHT="57">
							<String ID="P5_ST01496" HPOS="1859" VPOS="4568" WIDTH="111" HEIGHT="46" CONTENT="a&amp;itUf" WC="0.20" CC="766898"/>
							<SP ID="P5_SP01205" HPOS="1970" VPOS="4614" WIDTH="18"/>
							<String ID="P5_ST01497" HPOS="1988" VPOS="4557" WIDTH="62" HEIGHT="57" CONTENT="J&amp;i" WC="0.15" CC="896"/>
							<SP ID="P5_SP01206" HPOS="2050" VPOS="4614" WIDTH="247"/>
							<String ID="P5_ST01498" HPOS="2297" VPOS="4562" WIDTH="94" HEIGHT="42" CONTENT="uUtli" WC="0.20" CC="87887"/>
						</TextLine>
						<TextLine ID="P5_TL00292" HPOS="1848" VPOS="4612" WIDTH="739" HEIGHT="45">
							<String ID="P5_ST01499" HPOS="1848" VPOS="4618" WIDTH="168" HEIGHT="37" CONTENT="loul-cxhU" WC="0.30" CC="788707787"/>
							<SP ID="P5_SP01207" HPOS="2016" VPOS="4655" WIDTH="16"/>
							<String ID="P5_ST01500" HPOS="2032" VPOS="4613" WIDTH="144" HEIGHT="43" CONTENT="electsuc" WC="0.31" CC="73478976"/>
							<SP ID="P5_SP01208" HPOS="2176" VPOS="4656" WIDTH="22"/>
							<String ID="P5_ST01501" HPOS="2198" VPOS="4630" WIDTH="137" HEIGHT="27" CONTENT="de-iucce" WC="0.27" CC="98688807"/>
							<SP ID="P5_SP01209" HPOS="2335" VPOS="4657" WIDTH="212"/>
							<String ID="P5_ST01502" HPOS="2547" VPOS="4612" WIDTH="40" HEIGHT="42" CONTENT="\" WC="0.68" CC="3"/>
						</TextLine>
						<TextLine ID="P5_TL00293" HPOS="1625" VPOS="4656" WIDTH="782" HEIGHT="83">
							<String ID="P5_ST01503" HPOS="1625" VPOS="4656" WIDTH="88" HEIGHT="83" CONTENT="*9" WC="0.09" CC="98"/>
							<SP ID="P5_SP01210" HPOS="1713" VPOS="4739" WIDTH="153"/>
							<String ID="P5_ST01504" HPOS="1866" VPOS="4676" WIDTH="100" HEIGHT="58" CONTENT="fa*" WC="0.92" CC="777"/>
							<String ID="P5_ST01505" HPOS="1983" VPOS="4676" WIDTH="63" HEIGHT="41" CONTENT="iUe" STYLE="superscript" WC="0.49" CC="770"/>
							<SP ID="P5_SP01211" HPOS="2046" VPOS="4739" WIDTH="25"/>
							<String ID="P5_ST01506" HPOS="2071" VPOS="4675" WIDTH="336" HEIGHT="47" CONTENT="investor-owned" WC="0.99" CC="86310011370424"/>
						</TextLine>
						<TextLine ID="P5_TL00294" HPOS="1945" VPOS="4738" WIDTH="434" HEIGHT="51">
							<String ID="P5_ST01507" HPOS="1945" VPOS="4738" WIDTH="173" HEIGHT="46" CONTENT="ELECTRIC" WC="0.98" CC="16453206"/>
							<SP ID="P5_SP01212" HPOS="2118" VPOS="4784" WIDTH="25"/>
							<String ID="P5_ST01508" HPOS="2143" VPOS="4739" WIDTH="236" HEIGHT="50" CONTENT="COMPANIES!" WC="0.99" CC="6507930110"/>
						</TextLine>
						<TextLine ID="P5_TL00295" HPOS="1840" VPOS="5101" WIDTH="1231" HEIGHT="53">
							<String ID="P5_ST01509" HPOS="1840" VPOS="5136" WIDTH="28" HEIGHT="18" CONTENT="C%" WC="0.23" CC="59"/>
							<SP ID="P5_SP01213" HPOS="1868" VPOS="5154" WIDTH="246"/>
							<String ID="P5_ST01510" HPOS="2114" VPOS="5123" WIDTH="55" HEIGHT="14" CONTENT="—-D•" WC="0.38" CC="8465"/>
							<SP ID="P5_SP01214" HPOS="2169" VPOS="5154" WIDTH="21"/>
							<String ID="P5_ST01511" HPOS="2190" VPOS="5120" WIDTH="26" HEIGHT="20" CONTENT="v" WC="1.00" CC="9"/>
							<SP ID="P5_SP01215" HPOS="2216" VPOS="5154" WIDTH="24"/>
							<String ID="P5_ST01512" HPOS="2240" VPOS="5101" WIDTH="136" HEIGHT="32" CONTENT="Louisiana" WC="0.99" CC="416005550"/>
							<SP ID="P5_SP01216" HPOS="2376" VPOS="5154" WIDTH="20"/>
							<String ID="P5_ST01513" HPOS="2396" VPOS="5101" WIDTH="86" HEIGHT="32" CONTENT="Power" WC="0.99" CC="02303"/>
							<SP ID="P5_SP01217" HPOS="2482" VPOS="5154" WIDTH="18"/>
							<String ID="P5_ST01514" HPOS="2500" VPOS="5102" WIDTH="19" HEIGHT="32" CONTENT="&amp;" WC="1.00" CC="0"/>
							<SP ID="P5_SP01218" HPOS="2519" VPOS="5154" WIDTH="20"/>
							<String ID="P5_ST01515" HPOS="2539" VPOS="5102" WIDTH="69" HEIGHT="41" CONTENT="Light" WC="0.99" CC="04000"/>
							<SP ID="P5_SP01219" HPOS="2608" VPOS="5154" WIDTH="19"/>
							<String ID="P5_ST01516" HPOS="2627" VPOS="5102" WIDTH="40" HEIGHT="33" CONTENT="Co." WC="0.98" CC="400"/>
							<SP ID="P5_SP01220" HPOS="2667" VPOS="5154" WIDTH="23"/>
							<String ID="P5_ST01517" HPOS="2690" VPOS="5109" WIDTH="15" HEIGHT="14" CONTENT="•" WC="1.00" CC="0"/>
							<SP ID="P5_SP01221" HPOS="2705" VPOS="5154" WIDTH="23"/>
							<String ID="P5_ST01518" HPOS="2728" VPOS="5102" WIDTH="55" HEIGHT="33" CONTENT="Gulf" WC="0.98" CC="2033"/>
							<SP ID="P5_SP01222" HPOS="2783" VPOS="5154" WIDTH="19"/>
							<String ID="P5_ST01519" HPOS="2802" VPOS="5102" WIDTH="86" HEIGHT="33" CONTENT="States" WC="0.99" CC="108200"/>
							<SP ID="P5_SP01223" HPOS="2888" VPOS="5154" WIDTH="20"/>
							<String ID="P5_ST01520" HPOS="2908" VPOS="5103" WIDTH="105" HEIGHT="32" CONTENT="Utilities" WC="0.99" CC="130237000"/>
							<SP ID="P5_SP01224" HPOS="3013" VPOS="5154" WIDTH="19"/>
							<String ID="P5_ST01521" HPOS="3032" VPOS="5103" WIDTH="39" HEIGHT="33" CONTENT="Co." WC="0.96" CC="640"/>
						</TextLine>
						<TextLine ID="P5_TL00296" HPOS="1918" VPOS="5148" WIDTH="1291" HEIGHT="54">
							<String ID="P5_ST01522" HPOS="1918" VPOS="5148" WIDTH="20" HEIGHT="21" CONTENT="r" STYLE="superscript" WC="0.33" CC="6"/>
							<SP ID="P5_SP01225" HPOS="1938" VPOS="5169" WIDTH="22"/>
							<String ID="P5_ST01523" HPOS="1960" VPOS="5148" WIDTH="21" HEIGHT="7" CONTENT='"' WC="0.21" CC="7"/>
							<SP ID="P5_SP01226" HPOS="1981" VPOS="5169" WIDTH="141"/>
							<String ID="P5_ST01524" HPOS="2122" VPOS="5156" WIDTH="23" HEIGHT="31" CONTENT="'" WC="0.23" CC="7"/>
							<SP ID="P5_SP01227" HPOS="2145" VPOS="5187" WIDTH="49"/>
							<String ID="P5_ST01525" HPOS="2194" VPOS="5148" WIDTH="11" HEIGHT="54" CONTENT="1" WC="0.14" CC="8"/>
							<SP ID="P5_SP01228" HPOS="2205" VPOS="5202" WIDTH="33"/>
							<String ID="P5_ST01526" HPOS="2238" VPOS="5152" WIDTH="192" HEIGHT="34" CONTENT="Southwestern" WC="0.99" CC="405462000400"/>
							<SP ID="P5_SP01229" HPOS="2430" VPOS="5202" WIDTH="21"/>
							<String ID="P5_ST01527" HPOS="2451" VPOS="5154" WIDTH="105" HEIGHT="33" CONTENT="Electric" WC="1.00" CC="20004000"/>
							<SP ID="P5_SP01230" HPOS="2556" VPOS="5202" WIDTH="20"/>
							<String ID="P5_ST01528" HPOS="2576" VPOS="5155" WIDTH="86" HEIGHT="32" CONTENT="Power" WC="0.99" CC="40000"/>
							<SP ID="P5_SP01231" HPOS="2662" VPOS="5202" WIDTH="18"/>
							<String ID="P5_ST01529" HPOS="2680" VPOS="5155" WIDTH="41" HEIGHT="33" CONTENT="Co." WC="0.97" CC="501"/>
							<SP ID="P5_SP01232" HPOS="2721" VPOS="5202" WIDTH="22"/>
							<String ID="P5_ST01530" HPOS="2743" VPOS="5162" WIDTH="14" HEIGHT="14" CONTENT="•" WC="0.61" CC="3"/>
							<SP ID="P5_SP01233" HPOS="2757" VPOS="5202" WIDTH="24"/>
							<String ID="P5_ST01531" HPOS="2781" VPOS="5155" WIDTH="99" HEIGHT="32" CONTENT="Central" WC="0.99" CC="5030000"/>
							<SP ID="P5_SP01234" HPOS="2880" VPOS="5202" WIDTH="21"/>
							<String ID="P5_ST01532" HPOS="2901" VPOS="5155" WIDTH="135" HEIGHT="33" CONTENT="Louisiana" WC="1.00" CC="000002200"/>
							<SP ID="P5_SP01235" HPOS="3036" VPOS="5202" WIDTH="19"/>
							<String ID="P5_ST01533" HPOS="3055" VPOS="5155" WIDTH="104" HEIGHT="32" CONTENT="Electric" WC="0.99" CC="63000105"/>
							<SP ID="P5_SP01236" HPOS="3159" VPOS="5202" WIDTH="19"/>
							<String ID="P5_ST01534" HPOS="3178" VPOS="5154" WIDTH="31" HEIGHT="33" CONTENT="Co" WC="0.50" CC="63"/>
						</TextLine>
						<TextLine ID="P5_TL00297" HPOS="1999" VPOS="5187" WIDTH="716" HEIGHT="52">
							<String ID="P5_ST01535" HPOS="1999" VPOS="5197" WIDTH="47" HEIGHT="37" CONTENT="4-" WC="0.10" CC="98"/>
							<SP ID="P5_SP01237" HPOS="2046" VPOS="5234" WIDTH="10"/>
							<String ID="P5_ST01536" HPOS="2056" VPOS="5187" WIDTH="4" HEIGHT="52" CONTENT="." WC="0.55" CC="4"/>
							<SP ID="P5_SP01238" HPOS="2060" VPOS="5239" WIDTH="95"/>
							<String ID="P5_ST01537" HPOS="2155" VPOS="5187" WIDTH="50" HEIGHT="52" CONTENT="J" WC="0.57" CC="4"/>
							<SP ID="P5_SP01239" HPOS="2205" VPOS="5239" WIDTH="33"/>
							<String ID="P5_ST01538" HPOS="2238" VPOS="5201" WIDTH="58" HEIGHT="32" CONTENT="New" WC="0.99" CC="200"/>
							<SP ID="P5_SP01240" HPOS="2296" VPOS="5239" WIDTH="18"/>
							<String ID="P5_ST01539" HPOS="2314" VPOS="5200" WIDTH="106" HEIGHT="34" CONTENT="Orleans" WC="0.99" CC="3003320"/>
							<SP ID="P5_SP01241" HPOS="2420" VPOS="5239" WIDTH="21"/>
							<String ID="P5_ST01540" HPOS="2441" VPOS="5202" WIDTH="86" HEIGHT="33" CONTENT="Public" WC="1.00" CC="000004"/>
							<SP ID="P5_SP01242" HPOS="2527" VPOS="5239" WIDTH="19"/>
							<String ID="P5_ST01541" HPOS="2546" VPOS="5202" WIDTH="101" HEIGHT="33" CONTENT="Service" WC="0.99" CC="0305002"/>
							<SP ID="P5_SP01243" HPOS="2647" VPOS="5239" WIDTH="20"/>
							<String ID="P5_ST01542" HPOS="2667" VPOS="5202" WIDTH="48" HEIGHT="33" CONTENT="Inc." WC="0.99" CC="1050"/>
						</TextLine>
					</TextBlock>
				</ComposedBlock>
			</PrintSpace>
		</Page>
	</Layout>
</alto>
