2646 3516
341 373 188 21 PHARMACY
547 373 104 20 NOTES

254 467 51 22 The
321 467 102 22 election
437 467 27 21 of
477 467 41 21 the
533 467 85 22 Senior
631 467 69 21 Class
713 467 41 21 offi-

227 507 52 14 cers
295 506 49 14 was
360 498 56 21 held
432 497 86 27 (luring
533 497 41 22 the
591 497 51 22 first
658 498 66 21 week
740 497 24 22 of

227 530 83 22 school
328 530 57 22 with
406 530 41 21 the
467 529 124 25 following
610 529 88 21 result:
721 529 43 21 Mr.

229 563 25 20 R.
280 561 22 23 S.
326 560 116 27 Whitley,
465 560 136 26 president;
627 560 46 21 Mr.
699 560 23 21 P.
746 560 18 25 J.

226 591 107 27 Theriot,
366 591 202 27 vice-president;
604 591 60 21 Miss
700 591 48 21 Mar-

226 623 93 27 guerite
343 623 108 24 Pierson,
475 626 122 22 secretary
620 622 47 22 and
690 625 62 19 treas-

227 659 62 14 urer.

254 713 50 23 The
324 713 85 26 Junior
430 713 69 22 Class
520 712 97 22 became
637 712 127 26 organized

227 745 46 22 and
290 745 92 22 elected
398 745 41 22 the
456 744 123 26 following
593 744 95 21 officers
698 744 4 26 :
720 744 44 21 Mr.

227 777 24 23 L.
271 777 26 21 B.
317 776 181 25 Schwegmann,
518 775 134 26 president;
675 775 45 21 Mr.
740 774 24 24 E.

226 808 28 21 A.
277 807 83 26 Smith,
381 806 201 27 vice-president;
607 806 60 22 Miss
691 807 59 21 Rosa-

226 839 45 22 line
290 839 89 27 Byron,
396 841 123 23 secretary
535 838 45 22 and
596 841 128 18 treasurer.

254 901 51 22 The
332 902 134 25 Pharmacy
492 900 152 27 department
669 900 19 22 is
713 900 51 22 well

227 933 156 26 represented
407 940 30 14 on
460 933 41 21 the
524 932 112 26 gridiron,
659 931 38 22 for
721 932 43 21 Bill

227 965 84 25 Smith,
330 964 95 26 captain
443 963 27 22 of
487 964 40 21 the
547 963 97 25 Varsity
663 962 101 22 football

227 999 70 22 team,
314 1003 48 14 was
381 994 78 22 hailed
477 994 62 21 back
557 998 24 17 to
600 993 91 27 Loyola
707 1001 27 14 as
752 1001 12 14 a

225 1027 86 26 Junior
332 1027 135 25 Pharmacy
487 1026 104 21 student.

254 1058 37 22 On
315 1058 40 21 the
377 1057 133 22 Freshman
533 1060 63 18 team
618 1056 40 22 the
681 1055 83 24 Senior

227 1089 68 22 Class
315 1089 105 26 proudly
439 1088 82 22 boasts
542 1087 26 22 of
586 1087 44 27 Joe
652 1087 112 22 Billeaud.

229 1120 20 22 It
277 1127 48 15 was
354 1120 29 22 he
409 1120 54 22 who
491 1119 125 22 furnished
642 1119 41 21 the
709 1119 55 26 only

226 1152 144 22 touchdown
390 1151 38 22 for
446 1151 40 21 the
506 1150 75 22 Frosh
601 1150 95 26 against
713 1149 39 27 Jef-

227 1183 82 21 ferson
330 1182 104 27 College.

254 1245 20 21 A
293 1248 68 23 great
380 1244 106 27 surprise
505 1251 66 14 came
589 1247 25 18 to
632 1244 41 21 the
691 1250 55 14 mem-

226 1277 54 21 bers
293 1276 27 21 of
332 1276 40 21 the
388 1275 85 23 Senior
486 1275 67 22 Class
566 1275 69 22 when
648 1275 40 22 the
702 1275 62 26 daily

226 1315 88 19 papers
326 1307 143 22 announced
481 1307 40 21 the
534 1306 118 26 marriage
663 1306 27 22 of
704 1306 60 21 Miss

227 1339 126 23 Elizabeth
373 1337 99 24 Everett
490 1341 24 18 to
534 1338 45 21 Mr.
598 1338 27 21 R.
643 1337 26 22 C.
687 1337 62 22 Rouc-

226 1370 73 26 quilh,
313 1377 30 14 on
359 1369 106 22 October
479 1369 34 26 24,
528 1369 58 26 1923,
601 1372 24 19 at
641 1369 33 22 St.
690 1368 60 22 Fran-

226 1402 33 21 cis
279 1401 26 22 of
325 1401 90 22 Assissi
436 1401 96 21 church.

255 1432 60 22 Miss
336 1431 99 24 Everett
453 1439 48 14 was
520 1439 14 13 a
552 1431 45 21 fair
614 1430 107 22 member
738 1430 26 22 of

225 1464 40 21 the
288 1463 85 23 Senior
394 1463 69 22 Class
484 1463 47 22 and
552 1470 13 14 a
585 1468 59 21 very
663 1462 101 27 popular

227 1495 97 22 student
348 1498 24 18 at
396 1494 98 26 Loyola.

254 1557 50 22 The
325 1557 75 22 winds
421 1563 70 19 carry
512 1560 97 21 strange
630 1556 88 21 sounds
739 1559 25 18 to

225 1589 40 21 the
283 1595 53 15 ears
354 1588 26 22 of
396 1588 41 22 the
456 1588 133 25 Pharmacy
606 1587 158 26 department.

225 1619 52 22 The
290 1620 67 21 word
370 1619 44 21 has
429 1619 61 21 been
503 1618 89 27 passed
606 1617 98 26 around,
718 1617 46 22 and

226 1651 17 22 it
260 1650 17 22 is
293 1650 83 22 hinted
392 1650 52 22 that
460 1650 40 22 the
515 1649 111 26 wedding
641 1649 59 21 bells
716 1649 47 21 will

227 1689 59 15 soon
304 1682 54 25 ring
375 1684 41 19 out
435 1681 77 25 again.
545 1680 79 22 Who?
660 1679 46 22 We
724 1686 40 14 are

227 1713 132 26 prevented
387 1712 62 21 from
476 1711 91 27 saying,
593 1711 103 22 because
723 1711 40 21 the

227 1747 70 24 party
321 1744 134 22 concerned
479 1744 57 21 does
560 1746 42 18 not
625 1742 60 22 wish
709 1741 55 23 HIS

226 1781 69 16 name
315 1778 25 18 to
362 1775 29 21 be
412 1774 144 22 mentioned.

254 1844 50 22 The
322 1844 140 26 suggestion
480 1843 26 22 of
523 1850 13 15 a
555 1843 92 25 Beauty
664 1841 100 23 Contest

226 1875 23 21 in
265 1874 41 22 the
326 1875 133 24 Pharmacy
475 1873 152 26 department
644 1872 43 21 has
705 1871 59 22 been

226 1904 70 26 given
316 1904 92 22 serious
428 1903 184 22 consideration.
647 1902 117 22 Whether

227 1935 17 21 it
259 1935 18 21 is
292 1934 101 22 because
407 1933 27 22 of
447 1934 39 21 the
501 1932 109 27 quantity
623 1939 28 15 or
663 1932 101 22 because

227 1965 27 22 of
267 1965 41 22 the
321 1964 93 26 quality
427 1963 26 22 of
466 1964 41 21 the
523 1963 24 21 16
562 1962 109 22 students
685 1961 28 22 of
724 1962 40 21 the

228 1995 46 21 fair
295 2002 42 14 sex
358 1994 23 21 in
403 1994 40 21 the
465 1993 159 27 department,
645 1993 17 21 it
684 1992 19 21 is
724 1995 40 18 not

227 2026 94 20 known.
361 2025 47 21 But
429 2024 135 25 Pharmacy
581 2026 65 18 must
665 2022 59 21 bear
743 2021 21 22 in

227 2054 65 22 mind
308 2055 52 21 that
376 2054 17 22 it
408 2061 48 15 was
472 2061 14 14 a
502 2054 88 25 beauty
605 2055 94 19 contest
713 2052 51 21 that

227 2085 89 21 caused
331 2085 41 21 the
388 2087 70 23 great
475 2083 163 26 Slavo-Bingo
653 2089 56 17 war,
725 2081 39 22 the

228 2114 176 23 Scandinavian
425 2114 133 22 revolution
578 2113 46 21 and
645 2113 40 21 the
706 2112 44 21 fam-

227 2145 38 21 ine
286 2144 26 22 of
332 2143 70 23 46987
424 2144 26 21 B.
472 2143 32 26 C.,
526 2143 23 21 in
570 2143 41 21 the
634 2142 84 22 Planet
740 2142 24 22 of

228 2175 76 22 Mars.

254 2241 50 22 The
326 2242 66 26 large
411 2241 146 22 attendance
576 2244 24 19 at
622 2241 48 26 Pep
690 2243 60 19 meet-

227 2272 52 26 ings
293 2273 46 20 and
353 2276 23 17 at
390 2272 40 21 the
445 2271 102 22 football
561 2278 81 19 games
656 2271 42 21 has
712 2277 52 14 won

228 2302 37 22 for
285 2302 134 26 Pharmacy
437 2305 68 22 great
525 2301 159 27 approbation
704 2300 60 22 from

227 2334 40 19 the
288 2333 100 20 Faculty
408 2333 46 20 and
475 2333 96 20 student
592 2332 70 21 body.

395 2429 75 20 LAW
491 2428 104 21 NOTES

255 2522 46 22 Mr.
318 2521 97 27 Viosca,
433 2521 124 27 president
574 2521 27 22 of
618 2521 41 22 the
678 2520 72 22 Fresh-

226 2560 55 15 man
303 2554 70 25 class,
394 2554 43 21 has
458 2552 122 27 promised
601 2555 41 18 not
662 2552 58 25 only
739 2554 25 18 to

226 2592 101 18 arrange
345 2592 13 14 a
374 2591 56 19 gym
447 2584 74 21 dance
537 2583 53 22 that
605 2582 46 23 will
668 2589 96 20 surpass

226 2615 33 22 all
277 2615 83 22 others
381 2615 22 22 in
423 2615 146 26 magnitude,
590 2615 41 21 but
651 2615 42 21 has
713 2614 51 21 also

226 2647 105 25 planned
350 2653 14 15 a
381 2646 74 22 series
474 2646 28 21 of
520 2645 73 23 social
612 2648 83 19 events
712 2644 52 22 that

225 2677 47 22 will
291 2681 35 18 set
344 2685 14 14 a
375 2677 130 26 precedent
523 2676 39 22 for
578 2676 31 22 all
627 2675 137 26 University

225 2709 91 22 affairs.

254 2777 100 24 L-A-W
376 2780 26 18 at
425 2776 90 27 Loyola
539 2776 73 26 spells
636 2775 128 26 efficiency.

226 2808 79 22 There
330 2808 19 22 is
375 2815 31 15 no
431 2808 58 22 such
513 2808 69 25 thing
606 2814 26 15 as
657 2807 107 22 idleness.

228 2839 65 22 Each
320 2839 91 22 lecture
436 2839 125 26 generally
586 2837 83 26 begins
695 2837 69 28 with:

308 2870 46 22 will
377 2870 60 21 have
459 2873 26 18 to
506 2869 76 22 travel
605 2869 55 25 fast,
681 2875 26 15 as
729 2875 35 15 we

226 2901 61 22 have
307 2908 13 15 a
342 2902 33 21 lot
395 2905 25 17 to
552 2900 46 21 and
618 2907 57 14 even
696 2900 68 20 when

226 2932 41 21 the
287 2932 49 22 bell
357 2932 64 26 rings
441 2935 25 18 at
486 2932 41 21 the
547 2931 71 26 close,
639 2937 34 15 we
695 2931 69 27 hear:

317 2970 14 15 a
353 2966 113 22 moment,
488 2963 145 25 gentlemen,
655 2962 68 21 there
745 2962 19 20 is

225 3001 46 14 one
292 3001 66 15 more
379 2994 67 26 point
468 2994 10 20 I
497 2994 59 21 wish
576 2996 25 19 to

253 3054 51 23 The
320 3055 98 26 Juniors
435 3056 47 22 and
499 3055 97 24 Seniors
613 3055 61 21 have
691 3054 73 22 fallen

226 3084 51 22 into
298 3086 63 21 their
381 3087 95 22 routine
497 3086 27 22 of
546 3085 72 27 study
638 3085 45 22 and
706 3092 58 14 even

226 3116 41 22 the
286 3116 132 23 Freshmen
435 3117 61 22 have
515 3117 97 22 become
631 3117 59 21 fired
707 3117 56 21 with

226 3146 124 27 ambition,
364 3148 46 22 and
424 3149 119 25 arranged
557 3149 40 21 the
612 3148 53 21 first
679 3148 85 21 debate

226 3177 27 22 of
277 3178 41 22 the
342 3186 94 14 season.
474 3179 52 22 The
550 3178 94 28 subject
668 3178 26 22 of
717 3178 47 22 this

226 3207 88 23 debate
333 3209 107 22 resulted
458 3210 63 22 from
540 3210 62 23 their
621 3210 143 22 association

226 3246 90 19 ut}J33
336 3247 23 14 ui
380 3247 110 22 sjuapnjs
646 3248 42 22 aqj
709 3248 54 21 tjjiM

227 3271 99 22 classes.
361 3271 20 22 It
402 3271 32 28 is:
615 3272 63 22 That
696 3272 68 22 when

227 3302 41 21 the
292 3301 117 23 Pre-Law
432 3303 109 21 students
565 3304 46 20 and
634 3303 130 21 Freshmen

789 322 89 22 classes
893 324 63 19 meet
970 321 23 21 in
1004 321 42 21 the
1059 326 65 16 same
1137 320 139 25 classroom,
1288 320 40 21 the

789 353 119 22 members
922 352 27 22 of
963 352 41 22 the
1019 351 133 22 Freshmen
1167 351 61 21 class
1244 350 84 22 should

788 391 93 19 occupy
893 383 40 22 the
946 382 66 22 front
1123 382 21 21 A
1153 386 68 22 great
1231 385 97 18 amount

789 415 26 22 of
837 415 101 22 interest
961 414 18 21 is
1002 414 72 25 being
1096 413 125 26 displayed
1243 413 23 21 in
1288 413 40 21 the

789 446 94 25 debate,
896 445 47 22 and
956 445 59 21 both
1030 444 62 22 sides
1106 452 40 13 are
1159 448 27 17 to
1198 443 30 22 be
1241 443 87 27 upheld

789 477 31 26 by
837 475 191 28 representative
1044 475 120 22 members
1182 475 26 22 of
1224 475 40 22 the
1281 478 47 18 two

789 508 98 22 classes.

816 570 76 22 What
906 569 18 22 is
939 569 41 22 the
994 569 129 22 unwritten
1139 569 45 22 law
1197 568 27 22 of
1239 575 13 15 a
1268 568 45 26 Loy-

789 602 38 21 ola
842 602 57 22 Law
914 600 78 22 class?
1026 600 21 21 It
1060 607 55 18 may
1131 600 28 21 be
1175 599 107 22 summed
1297 606 31 19 up

789 632 22 22 in
823 640 46 14 one
1181 630 26 22 In
1220 631 40 21 the
1274 631 54 22 Law

788 663 83 23 school
888 670 46 15 one
951 663 58 21 does
1026 666 42 18 not
1084 663 58 21 hear
1159 663 41 21 the
1216 662 112 26 question

789 693 88 27 asked:
986 701 47 19 you
1055 693 73 26 going
1150 696 25 19 to
1197 693 41 22 the
1259 700 69 18 game

966 724 20 22 It
999 724 19 22 is
1031 724 148 22 understood
1192 724 52 22 that
1258 731 70 19 every

788 757 98 22 student
905 756 48 22 will
975 757 29 20 be
1025 756 74 25 there,
1120 756 50 26 just
1190 763 25 14 as
1236 755 91 25 though

788 789 40 20 the
845 794 71 19 game
932 794 64 15 were
1013 794 13 14 a
1043 790 54 22 part
1114 786 26 22 of
1157 786 40 22 the
1215 786 113 22 schedule

788 819 26 22 of
839 818 98 23 studies.
977 818 46 22 But
1047 818 55 26 why
1127 818 120 22 shouldn't
1271 818 57 26 they

787 851 47 26 go?
866 849 101 22 Doesn't
983 850 41 21 the
1039 849 56 23 Law
1109 848 154 27 department
1278 848 38 22 fur-

789 882 54 21 nish
862 888 65 14 some
946 880 27 22 of
991 881 41 21 the
1051 880 53 21 best
1122 880 98 26 players
1239 886 30 15 on
1288 880 40 21 the

789 912 79 22 team?

815 974 56 22 And
890 974 51 22 talk
962 973 75 22 about
1058 972 125 27 cheering:
1204 972 53 22 Ask
1279 972 49 22 Ben

789 1006 110 26 Dayries,
916 1006 56 22 Law
988 1005 82 22 school
1087 1005 71 21 cheer
1175 1004 87 22 leader.
1280 1004 48 21 Ben

789 1044 55 20 says
863 1037 18 21 if
899 1036 82 26 they'd
999 1036 30 21 all
1048 1036 71 22 cheer
1137 1036 46 21 like
1202 1035 41 22 the
1262 1035 50 23 Law-

787 1076 63 18 yers,
862 1068 54 26 why
927 1067 81 27 they'd
1021 1067 105 27 literally
1137 1067 62 21 blow
1211 1066 41 22 the
1265 1070 63 18 team

788 1103 25 18 to
832 1099 100 25 victory.

930 1194 134 20 DENTAL
1080 1193 105 21 NOTES

817 1288 20 22 It
857 1288 20 22 is
896 1288 57 21 with
974 1288 92 21 sincere
1086 1287 110 26 pleasure
1215 1287 53 21 that
1287 1287 41 21 the

789 1319 88 22 Dental
895 1319 152 26 department
1063 1318 26 22 of
1107 1318 90 26 Loyola
1213 1317 101 22 Univers-

789 1351 34 25 ity
844 1354 81 22 greets
949 1350 30 21 its
1004 1349 79 22 fellow
1105 1349 110 22 students
1238 1349 27 22 of
1287 1349 41 22 the

788 1382 57 22 Arts
866 1382 46 21 and
933 1381 98 23 Science
1051 1381 153 25 department
1222 1380 104 25 through

788 1413 46 22 this
855 1413 103 21 medium
978 1412 27 22 of
1024 1411 148 27 expression.
1199 1412 47 21 We
1265 1411 63 26 hope

789 1445 51 21 that
867 1444 39 21 the
933 1444 65 21 ideas
1025 1443 46 22 and
1098 1443 73 22 ideals
1199 1442 129 27 presented

789 1476 104 25 through
917 1475 51 22 The
995 1475 103 21 Maroon
1122 1481 54 19 may
1200 1474 67 22 work
1292 1478 24 17 to-

788 1507 78 22 wards
882 1514 46 14 one
944 1506 127 22 endthat
1088 1505 25 22 of
1128 1513 14 14 a
1156 1509 98 22 greater
1268 1504 45 22 Uni-

788 1538 96 26 versity,
901 1538 47 21 and
965 1538 51 21 that
1033 1537 105 26 through
1155 1536 51 22 The
1224 1536 103 22 Maroon

788 1577 13 15 a
827 1569 68 27 spirit
920 1569 27 22 of
972 1569 167 26 co-operation
1164 1568 46 22 and
1237 1568 91 26 loyalty

788 1608 54 19 may
856 1601 30 21 be
900 1600 100 22 worked
1014 1608 31 18 up
1060 1607 88 18 among
1160 1600 42 21 the
1217 1599 110 21 students

788 1632 76 22 which
886 1632 60 21 shall
967 1639 73 14 never
1060 1631 29 21 be
1110 1630 99 27 equaled
1230 1630 31 26 by
1281 1637 46 19 any

788 1663 70 22 other
880 1663 143 22 institution.

816 1724 52 22 The
895 1724 85 23 Senior
1006 1724 76 26 Class,
1109 1724 72 26 being
1206 1723 122 26 mentally,

790 1757 135 26 spiritually
945 1756 47 22 and
1012 1755 137 24 otherwise,
1171 1755 39 21 the
1234 1754 94 25 leading

789 1788 71 25 class,
876 1788 42 21 has
934 1787 27 22 of
977 1787 46 21 late
1039 1786 105 26 adopted
1160 1794 12 13 a
1188 1793 53 14 new
1256 1785 58 22 head-

788 1826 58 20 gear
863 1818 23 22 in
904 1819 40 21 the
964 1818 63 22 form
1044 1818 26 21 of
1088 1818 94 21 funeral
1200 1817 102 22 derbies.

816 1850 33 22 At
867 1850 63 22 their
950 1850 62 21 class
1033 1849 111 25 meeting,
1163 1848 55 22 held
1237 1848 91 22 toward

790 1882 41 21 the
858 1881 46 22 end
931 1880 27 22 of
984 1880 115 26 October,
1125 1879 64 22 after
1216 1887 15 14 a
1258 1879 69 22 much

790 1912 87 22 heated
890 1912 47 22 and
950 1912 104 22 debated
1068 1911 97 25 session,
1179 1912 42 21 the
1236 1911 79 21 follow-

790 1944 39 26 ing
843 1951 63 14 were
922 1944 88 21 chosen
1026 1947 25 18 to
1066 1943 56 21 hold
1138 1942 68 22 office
1222 1941 38 22 for
1274 1941 54 25 this,

790 1975 62 22 their
870 1976 54 24 last,
939 1982 59 18 year
1014 1974 23 21 in
1055 1974 39 21 the
1110 1973 154 27 University;
1284 1973 44 22 Mr.

790 2006 20 26 J.
834 2006 162 25 Tamburello,
1022 2005 135 27 president;
1186 2005 46 22 Mr.
1256 2004 21 26 J.
1301 2004 27 21 A.

792 2038 143 25 McMahon,
974 2036 201 27 vice-president;
1217 2036 46 21 Mr.
1302 2035 26 21 A.

790 2068 121 25 Goldfein,
937 2072 122 22 secretary
1082 2067 47 22 and
1152 2071 129 17 treasurer.

817 2131 34 22 As
867 2138 13 15 a
895 2131 76 22 result
986 2130 26 22 of
1027 2138 13 14 a
1056 2133 81 19 recent
1154 2129 96 22 student
1265 2128 63 27 body

789 2162 112 26 meeting,
919 2162 69 21 three
1003 2161 120 21 members
1141 2160 26 22 of
1183 2160 42 22 the
1242 2160 86 22 Dental

790 2193 153 27 department
958 2200 63 15 were
1038 2192 92 22 elected
1145 2195 26 19 to
1187 2192 58 21 hold
1260 2191 68 22 office

790 2224 22 22 in
830 2225 42 21 the
889 2224 141 26 University
1049 2223 102 23 Student
1171 2223 67 26 Body
1256 2229 58 15 coun-

790 2255 36 22 cil.
870 2255 69 27 They
967 2262 54 14 are:
1055 2255 99 21 Messrs.
1185 2254 143 24 Strickland,

790 2287 134 26 Tommeny
950 2287 47 21 and
1024 2286 89 22 White.
1154 2285 111 21 Another
1292 2292 24 14 re-

790 2318 46 21 sult
854 2317 26 22 of
897 2317 47 22 this
962 2317 97 22 student
1077 2316 63 26 body
1157 2316 107 26 meeting
1280 2323 48 14 was

790 2350 50 20 that
858 2357 14 13 a
890 2349 91 21 motion
998 2349 51 21 that
1069 2355 71 19 every
1158 2348 96 21 student
1272 2354 42 19 pur-

790 2381 72 21 chase
885 2387 13 15 a
921 2387 58 19 year
1002 2380 64 21 book
1088 2387 50 14 was
1160 2378 168 26 unanimously

789 2412 111 25 adopted.

817 2474 21 21 It
856 2474 18 21 is
891 2474 65 25 quite
973 2473 181 22 characteristic
1171 2472 26 22 of
1213 2472 41 22 the
1270 2472 44 25 Jun-

790 2504 35 22 ior
847 2504 70 22 Class
940 2508 25 18 to
988 2505 69 21 make
1079 2512 31 14 an
1132 2503 144 28 impression
1298 2510 30 15 on

790 2536 40 22 the
852 2536 70 22 other
945 2536 89 22 classes
1057 2536 23 21 in
1102 2536 41 21 the
1165 2542 52 19 way
1239 2535 26 21 of
1288 2542 27 15 ex-

789 2567 102 26 hibiting
911 2567 83 21 school
1014 2566 124 22 activities.
1172 2566 80 22 While
1272 2566 17 22 it
1310 2566 18 21 is

789 2602 53 17 true
863 2598 53 22 that
939 2598 40 21 the
1002 2597 97 24 Seniors
1121 2597 59 22 took
1201 2604 30 15 an
1254 2596 74 23 initial

789 2636 68 15 move
878 2630 22 21 in
920 2630 63 21 class
1004 2629 163 27 propaganda,
1186 2629 18 21 it
1221 2629 47 22 will
1287 2631 41 19 not

790 2660 29 22 be
843 2661 57 25 long
923 2660 85 22 before
1031 2661 58 25 they
1111 2659 147 22 themselves
1281 2659 47 23 will

790 2691 55 21 look
862 2699 66 19 upon
944 2692 42 21 the
1004 2691 97 27 Juniors
1120 2699 26 13 as
1165 2698 14 14 a
1196 2690 63 22 class
1276 2691 52 21 that

790 2729 43 15 can
849 2727 42 21 put
907 2730 14 14 a
938 2727 66 18 stunt
1019 2730 64 18 over,
1099 2729 45 15 one
1160 2722 110 22 hundred
1287 2729 41 19 per

790 2757 53 18 cent
865 2757 90 22 strong.

819 2784 20 22 It
866 2785 43 21 has
937 2785 60 21 been
1024 2784 130 26 suggested
1179 2785 53 21 that
1259 2792 69 19 every

790 2816 106 21 member
916 2817 74 20 adorn
1010 2816 97 21 himself
1124 2816 57 21 with
1202 2823 13 14 a
1236 2816 92 21 natural

789 2847 93 25 growth
900 2854 64 19 upon
981 2847 35 21 his
1033 2855 77 18 upper
1126 2847 39 26 lip,
1181 2847 43 21 but
1240 2854 25 14 as
1282 2846 46 22 this

790 2878 75 24 might
881 2885 74 19 prove
970 2882 41 18 too
1026 2878 104 22 arduous
1147 2878 37 22 for
1198 2878 41 22 the
1255 2878 73 22 ladies

790 2908 21 21 in
831 2909 42 21 the
892 2909 70 25 class,
981 2909 136 25 something
1138 2910 48 21 else
1206 2910 42 21 has
1268 2909 60 22 been

1354 317 138 27 suggested.
1527 317 91 23 What?
1658 317 45 22 We
1724 317 47 21 will
1794 317 32 21 let
1846 323 46 19 you

1354 350 70 21 know
1439 349 67 21 later.

1381 380 102 22 Officers
1503 378 91 23 elected
1614 378 38 22 for
1669 378 48 22 this
1735 385 58 20 year
1812 378 22 22 in
1852 378 40 22 the

1354 411 83 26 Junior
1455 410 70 23 Class
1543 417 54 15 are:
1618 410 47 22 Mr.
1683 409 115 26 Tomeny,
1817 409 63 26 presi-

1354 443 56 22 dent
1418 440 4 27 ;
1443 442 45 22 Mr.
1506 441 89 26 White,
1611 440 202 27 vice-president;
1833 440 59 21 Miss

1918 314 28 23 de
1968 314 132 26 Pomorski,
2121 317 122 23 secretary
2262 314 47 21 and
2328 316 129 19 treasurer.

1947 346 71 22 Much
2045 345 150 23 enthusiasm
2220 345 43 21 has
2288 345 61 21 been
2374 344 83 22 shown

1918 376 56 23 with
1990 377 85 26 regard
2092 381 25 17 to
2134 377 39 21 the
2191 376 88 21 Dental
2295 376 75 21 dance
2385 379 26 18 to
2427 375 30 22 be

1918 408 69 27 given
2003 412 23 18 at
2043 408 41 22 the
2101 407 141 26 University
2257 407 153 26 gymnasium
2426 413 31 14 on

1918 440 39 21 the
1974 440 100 24 evening
2090 439 27 22 of
2134 438 137 23 November
2287 438 33 22 28.

2217 229 251 28 3

897 237 79 28 THE
999 237 173 30 MAROON,
1194 236 220 31 THURSDAY,
1436 234 218 28 NOVEMBER
1679 234 21 30 1,
1724 234 62 25 1923

829 3003 34 38 C.
896 3003 211 39 BENNETTE
1139 3003 147 39 MOORE

908 3058 303 22 PHOTOGRAPHER

864 3099 163 17 TELEPHONE
1043 3099 210 18 APPOINTMENTS

979 3128 86 20 MAIN
1081 3130 55 19 823

885 3163 50 19 109
948 3162 155 21 BARONNE
1112 3163 123 20 STREET

830 3194 84 19 THIRD
943 3195 86 20 FLOOR
1059 3196 69 19 BEER
1157 3195 130 20 BUILDING

938 3223 74 19 TAKE
1038 3223 143 19 ELEVATOR

943 3266 76 20 NEW
1034 3266 144 20 ORLEANS

1456 582 332 51 SILER'S

1464 664 319 51 BOOKS

1489 763 51 24 930
1554 761 89 26 Canal
1658 761 96 26 Street

1517 997 207 32 Compliments

1605 1073 31 25 of

1407 1151 65 30 New
1487 1150 113 31 Orleans
1615 1149 91 31 Public
1724 1149 106 31 Service

1962 541 51 25 Buy
2033 541 61 20 Your
2108 540 76 21 Xmas
2208 539 51 22 and
2278 539 59 21 New
2360 539 61 20 Year

2122 575 77 21 Cards
2210 574 61 21 Now

2017 610 45 23 We
2083 610 30 22 do
2132 609 153 27 Engraving;
2306 608 59 22 Best

2030 644 317 26 WorkmanshipLowest

2069 679 80 22 Prices
2161 679 24 21 in
2197 679 41 21 the
2251 677 55 27 City

1962 721 44 25 All
2024 721 81 25 kinds
2124 720 31 26 of
2173 719 148 32 Religious
2339 718 77 27 Gifts

2053 764 263 29 McCANN

2053 807 50 24 912
2117 805 88 26 Canal
2221 805 98 26 Street

2081 992 207 31 Compliments

2168 1067 32 27 of

1955 1144 123 33 FINLAY
2100 1144 100 32 DICKS
2227 1144 25 31 &
2273 1143 65 37 CO.,
2361 1143 54 31 Inc.

1440 1363 228 60 Tropical
1703 1363 222 59 Printing
1958 1361 276 59 Company,
2258 1358 95 49 Inc.

1507 1443 550 25 PRINTERSSTATIONERSOFFICE
2082 1440 209 25 OUTFITTERS

1659 1479 195 25 ENGRAVING
1874 1479 48 22 and
1944 1477 194 24 EMBOSSING

1399 1529 53 17 THE
1473 1528 95 18 FINEST
1588 1528 146 17 SELECTION
1756 1528 33 17 OF
1808 1527 153 18 CHRISTMAS
1982 1527 56 16 AND
2058 1526 63 17 NEW
2142 1524 94 18 YEAR'S
2257 1523 139 18 PERSONAL

1688 1562 137 18 GREETING
1837 1562 86 17 CARDS
1937 1562 27 16 IN
1977 1561 55 17 THE
2044 1560 63 18 CITY

1400 1615 92 20 729-735
1510 1614 130 23 Magazine
1658 1613 81 20 Street
2074 1611 96 21 Phones
2190 1609 68 21 Main
2275 1609 121 21 2951-2952

1754 1955 167 17 Established
1940 1954 28 17 in
1987 1954 78 17 1000

1450 2100 308 53 INTERSTATE
1788 2098 310 51 WHOLESALE
2135 2098 231 51 GROCERS

1778 2169 259 18 INCORPORATED

1661 2314 163 27 OWNERS
1846 2314 57 26 and
1924 2313 228 27 OPERATORS

1893 2369 32 26 of

1595 2529 280 33 NICHOLAS
1910 2528 187 32 BURKE
2132 2527 89 32 CO.

1726 2577 87 21 NEW
1828 2576 186 25 ORLEANS,
2030 2576 58 21 LA.

1663 2728 146 18 RENOUDET
1818 2728 18 16 &
1844 2728 129 16 DIETLEIN
1982 2727 125 17 GROCERY
2115 2726 41 18 CO.

1816 2756 48 16 New
1882 2755 70 21 Iberia,
1969 2755 35 17 La.

1671 2783 142 18 BOGALUSA
1829 2784 125 16 GROCERY
1973 2784 18 17 &
2008 2783 82 17 GRAIN
2108 2783 41 17 CO.

1831 2811 105 22 Bogalusa,
1953 2812 36 16 La.

1450 2841 114 17 SLIDELL
1571 2840 125 18 GROCERY
1705 2840 17 16 &
1731 2839 83 18 GRAIN
1823 2839 41 17 CO.
2024 2838 215 17 FOOTE-PATRICK
2256 2838 40 17 CO.

1592 2868 72 20 Slidell,
1686 2868 34 17 La.
1844 2868 6 5 *
2084 2866 78 21 Laurel,
2179 2866 58 16 Miss.

1482 2897 110 17 DUPONT
1610 2895 167 18 WHOLESALE
1796 2894 34 18 CO
1973 2894 166 17 MERCHANTS
2161 2894 124 16 GROCERY
2307 2893 41 17 CO.

1588 2925 83 19 Houma,
1691 2924 35 16 La.
2067 2921 134 21 Franklinton,
2219 2921 35 17 La.

1518 2951 222 19 PERCY-LOBDELL
1755 2951 40 17 CO.
1960 2950 88 17 SUGAR
2060 2949 69 18 BELT
2140 2949 167 17 WHOLESALE
2318 2949 41 17 CO.

1569 2980 118 19 Thibodaux,
1709 2979 34 17 La.
2070 2977 125 21 Centerville,
2214 2977 35 17 La.

1670 3006 155 18 COVINGTON
1840 3006 84 17 GRAIN
1939 3006 17 17 &
1970 3005 125 18 GROCERY
2108 3004 41 18 CO.

1825 3034 117 20 Covington,
1958 3034 35 16 La.

1670 3062 88 17 PEARL
1765 3062 83 17 RIVER
1857 3061 125 18 GROCERY
1991 3061 17 16 &
2016 3060 84 18 GRAIN
2108 3060 41 17 CO.

1817 3089 108 20 Columbia,
1945 3089 57 17 Miss.
