2627 3503
1319 1049 127 26 However,
1473 1049 29 22 he
1528 1057 50 14 was
1605 1048 127 23 overruled
1759 1048 31 26 by
1815 1048 42 22 the

1318 1080 91 27 umpire
1424 1080 47 22 and
1485 1080 104 22 Referee
1602 1080 124 26 Andrews,
1739 1080 64 22 amid
1816 1080 40 22 the

1319 1112 173 26 protestations
1515 1112 47 21 and
1583 1112 74 22 howls
1679 1111 26 22 of
1725 1112 41 21 the
1788 1118 55 19 spec-

1318 1146 84 18 tators.
1435 1142 22 22 It
1476 1143 20 21 is
1514 1143 48 21 bad
1579 1142 80 27 policy
1676 1146 25 18 to
1720 1142 77 21 blame
1816 1142 40 21 the

1319 1174 48 22 loss
1385 1173 28 22 of
1430 1181 14 15 a
1462 1174 93 26 victory
1573 1180 30 16 on
1622 1174 107 25 officials,
1747 1174 42 21 but
1808 1173 48 21 this

1318 1205 18 21 is
1354 1204 103 22 another
1473 1204 109 23 instance
1599 1204 26 22 of
1641 1212 14 14 a
1672 1204 39 26 big

1319 1235 17 22 if
1357 1243 36 14 we
1415 1242 56 20 may
1492 1236 46 21 call
1560 1236 17 21 it
1599 1236 52 21 that
1672 1248 28 3 —
1720 1235 52 22 that
1794 1238 62 19 went

1319 1267 94 25 against
1429 1267 98 26 Loyola.

1345 1304 51 22 The
1418 1306 67 20 work
1507 1305 26 21 of
1685 1305 173 25 Domengeaux

1319 1339 24 18 at
1369 1339 98 22 quarter
1492 1335 48 22 and
1565 1335 81 24 Lastie
1674 1335 135 22 Broussard
1833 1339 24 18 at

1319 1366 58 26 half,
1400 1367 119 22 bordered
1540 1373 31 16 on
1594 1367 40 22 the
1657 1367 146 22 sensational
1826 1367 31 21 all

1319 1398 103 25 through
1441 1398 42 21 the
1501 1405 76 18 game.
1609 1398 21 21 A
1648 1397 98 27 50-yard
1764 1406 42 14 run
1826 1398 31 25 by

1319 1428 173 26 Domengeaux
1510 1429 23 21 in
1550 1428 40 22 the
1608 1428 52 22 first
1678 1428 51 22 half
1745 1436 49 15 was
1811 1436 46 14 one

1318 1459 26 22 of
1363 1459 42 22 the
1425 1460 120 25 brightest
1565 1460 46 22 bits
1632 1460 26 22 of
1678 1460 101 22 football
1800 1460 23 22 in
1843 1467 13 15 a

1318 1494 67 22 great
1405 1497 77 19 game.

1345 1521 51 22 The
1415 1522 47 21 line
1479 1525 64 19 must
1561 1522 29 22 be
1606 1522 73 22 taken
1697 1530 26 14 as
1742 1529 13 15 a
1772 1522 85 26 whole,

1319 1551 38 22 for
1374 1559 67 15 more
1461 1553 74 21 credit
1554 1556 25 18 to
1597 1560 48 19 any
1662 1560 45 15 one
1727 1553 129 22 individual

1317 1583 79 22 would
1413 1583 29 22 be
1459 1583 90 27 unjust.
1578 1584 50 26 Jeff
1645 1583 78 23 Curtis
1741 1584 87 26 played
1843 1592 14 14 a

1319 1614 74 26 really
1407 1617 70 23 great
1491 1621 70 20 game
1576 1622 30 15 on
1623 1616 52 25 end,
1692 1616 118 25 breaking
1825 1623 31 19 up

1318 1652 72 15 manv
1411 1644 26 23 of
1459 1646 41 21 the
1520 1644 138 23 Tenne°:ee
1681 1646 69 26 plays
1772 1646 85 22 before

1318 1676 57 26 they
1388 1683 63 15 were
1466 1676 54 22 well
1537 1676 98 22 started.
1664 1676 131 23 Unsworth
1810 1677 47 21 and

1319 1707 144 25 Burgueires
1486 1710 24 19 at
1532 1708 41 22 the
1594 1708 106 25 tackles;
1722 1708 135 22 Tuminello

1318 1737 46 22 and
1381 1737 120 27 Cerniglia
1517 1743 24 17 at
1558 1739 87 26 guards
1662 1739 47 21 and
1727 1738 90 28 Guidry
1833 1739 22 21 in

1318 1769 41 21 the
1380 1772 82 19 center
1484 1769 94 22 formed
1599 1777 13 15 a
1634 1773 36 18 set
1690 1770 27 22 of
1738 1770 117 22 forwards

1319 1799 51 22 that
1387 1799 92 26 proved
1496 1800 171 26 impregnable.

1346 1829 48 23 For
1406 1831 40 21 the
1460 1831 52 22 first
1523 1831 53 22 half
1588 1831 26 22 of
1624 1832 42 23 the
1678 1839 76 19 game,
1766 1832 91 27 Loyola

1319 1861 143 26 completely
1477 1862 138 22 outclassed
1631 1863 40 22 the
1688 1864 111 24 Doctors,
1816 1867 40 18 not

1319 1892 112 26 allowing
1449 1892 65 22 them
1532 1900 13 14 a
1566 1893 51 22 first
1635 1894 76 25 down,
1728 1894 71 23 while
1816 1895 41 21 the

1319 1923 106 22 Wolves'
1440 1923 74 22 backs
1529 1925 85 21 scored
1629 1925 37 22 six
1679 1925 47 22 and
1739 1933 63 14 were
1817 1925 26 22 de-

1319 1953 83 27 prived
1422 1954 26 21 of
1468 1962 13 14 a
1501 1955 145 23 touchdown
1667 1957 32 25 by
1717 1957 60 21 hard
1797 1957 61 22 luck.

1322 1984 51 22 The
1390 1986 104 22 Doctors
1511 1986 94 27 opened
1620 1994 32 19 up
1667 1987 56 22 with
1740 1995 14 14 a
1770 1987 88 23 furious

1879 311 55 22 rush
1956 311 23 22 in
2000 311 40 22 the
2061 311 89 22 second
2171 311 57 22 half.
2264 311 21 21 It
2305 317 50 15 was
2377 310 40 21 the

1879 349 64 15 same
1957 343 56 21 rush
2027 343 52 21 that
2092 342 47 22 had
2151 341 92 23 carried
2256 342 65 21 them
2333 344 25 18 to
2370 340 36 22 vic-

1879 377 53 22 tory
1946 373 22 21 in
1982 373 69 22 three
2063 381 71 18 years
2147 372 25 22 of
2187 372 174 27 campaigning,
2376 372 42 22 but

1879 405 17 21 it
1915 404 73 22 failed
2007 408 25 18 to
2050 404 68 23 work
2137 404 96 26 against
2251 411 14 14 a
2283 406 64 19 team
2365 403 53 22 that

1886 435 115 22 wouldn't
2027 436 30 21 be
2084 436 87 21 beaten
2197 434 47 22 and
2271 434 104 22 because
2402 433 17 22 it

1879 466 120 27 wouldn't,
2018 466 17 22 it
2054 465 106 23 couldn't
2179 465 29 23 be
2228 465 94 23 beaten.

1906 497 51 22 The
1971 501 68 22 great
2053 497 70 22 stand
2137 497 69 22 made
2220 497 31 26 by
2265 497 40 22 the
2320 496 99 22 Wolves

1879 528 95 26 against
1988 528 139 22 Tennessee
2143 535 78 15 seems
2235 535 66 14 more
2317 527 87 26 impres-

1880 559 48 22 sive
1947 559 23 22 in
1988 559 41 22 the
2049 559 52 22 face
2119 559 26 22 of
2163 559 41 22 the
2222 566 82 15 scores
2322 558 27 22 of
2366 565 40 15 sev-

1880 591 49 21 eral
1943 598 82 18 games
2039 591 48 22 this
2102 598 93 14 season.
2216 590 51 22 The
2281 589 138 22 Tennessee

1881 621 104 22 Doctors
2012 621 85 22 scored
2123 629 14 14 a
2163 620 53 23 55-0
2241 620 93 27 victory
2360 627 59 15 over

1880 653 182 22 Southwestern
2082 652 172 26 Presbyterian
2273 651 146 26 University.

1879 683 139 23 Tennessee
2039 683 36 26 U.,
2095 683 77 22 which
2195 682 112 23 defeated
2327 681 92 23 Tulane

1881 714 56 26 13-2,
1954 715 56 21 beat
2026 714 23 23 S.
2066 715 25 21 P.
2106 714 30 22 U.
2150 714 57 26 only
2224 714 56 22 13-0.

1907 746 50 22 The
1974 746 103 22 Doctors
2093 746 52 21 also
2161 745 57 22 hold
2232 753 13 13 a
2262 744 50 22 14-0
2327 744 92 25 victory

1879 784 58 14 over
1951 776 86 26 Union,
2050 776 77 22 which
2141 780 64 18 team
2217 783 49 15 was
2280 775 87 22 beaten
2381 775 38 22 6-0

1880 808 32 26 by
1934 808 40 22 the
2000 808 149 26 Mississippi
2172 807 98 26 Aggies.
2306 806 52 22 The
2381 807 38 21 0-0

1880 839 32 21 tie
1925 839 77 21 which
2019 839 41 22 the
2074 838 90 26 Aggies
2179 837 88 27 played
2281 837 57 22 with
2353 837 50 22 Van-

1880 870 87 21 derbilt
1985 870 77 21 shows
2080 869 54 22 how
2152 872 84 23 strong
2252 869 59 26 they
2327 872 51 18 rate
2397 869 22 20 in

1879 902 40 21 the
1936 901 121 23 Southern
2073 900 103 22 football
2193 900 62 25 field,
2272 899 46 22 and
2334 899 18 22 it
2367 899 52 22 also

1884 932 98 21 enables
2008 932 41 21 the
2075 931 139 22 Tennessee
2241 931 104 21 Doctors
2372 930 47 21 and

1880 962 96 27 Loyola,
1991 962 55 22 who
2062 962 132 27 outplayed
2209 962 41 22 the
2266 962 112 25 Doctors,
2393 965 26 18 to

1879 994 56 22 take
1950 1001 13 14 a
1979 993 105 27 position
2101 996 24 19 at
2141 993 40 22 the
2197 996 42 23 top
2255 992 27 22 of
2297 992 121 24 Southern

1880 1024 167 22 footballdom.

1906 1056 51 22 The
1980 1056 134 26 line-ups—

1906 1084 120 26 Loyola—
2125 1083 55 22 Pos.
2222 1082 169 22 —Tennessee

1880 1115 79 23 Curtis
2117 1114 55 24 L.E.
2338 1113 79 23 Leake

1879 1145 132 24 Unsworth
2117 1145 47 24 L.T
2337 1145 81 26 Payne

1880 1178 135 22 Tuminello
2118 1176 58 24 L.G.
2315 1176 24 23 C.
2354 1176 64 22 Ford

1880 1209 90 27 Guidry
2133 1207 17 24 C
2257 1207 160 26 McLaughlin

1879 1240 121 26 Cerniglia
2115 1238 49 23 R.G
2309 1238 108 24 Sullivan

1880 1272 130 27 Burguires
2116 1271 48 22 R.T
2308 1271 29 22 H.
2354 1270 65 22 Ford

1880 1304 77 21 Nolan
2114 1302 50 23 R.E
2315 1302 102 25 Leggett

1880 1336 174 24 Domengeaux
2114 1334 49 26 Q.B
2311 1333 106 23 Sanders

1883 1366 136 22 Broussard
2112 1365 51 23 L.H
2292 1365 70 21 Doak
2380 1364 35 26 (c)

1881 1398 108 25 Winling
2111 1396 53 22 R.H
2341 1396 76 21 Munn

1881 1429 76 22 Smith
1979 1429 35 25 (c)
2117 1426 53 24 F.B.
2335 1426 82 23 White

1908 1460 149 23 Substitutes
2080 1471 29 5 —
2134 1459 103 27 Loyola:
2263 1458 92 23 Gibson
2381 1458 38 22 for

1881 1491 148 25 Broussard;
2068 1490 134 22 Broussard
2239 1489 38 22 for
2313 1489 105 25 Gibson;

1880 1523 82 22 White
1985 1522 38 22 for
2048 1522 84 23 Smith.
2155 1521 150 22 Tennessee:
2330 1520 88 22 Raines

1880 1554 38 21 for
1937 1552 83 27 Doak;
2040 1553 65 26 King
2124 1553 38 22 for
2182 1553 89 25 Munn;
2291 1553 70 21 Doak
2381 1552 38 21 for

1881 1586 114 25 Leggett;
2013 1585 102 26 Leggett
2134 1584 38 22 for
2189 1583 83 28 Doak;
2291 1584 71 23 Laird
2382 1583 37 22 for

1880 1617 119 25 Sullivan;
2019 1616 111 23 Swindell
2150 1615 39 21 for
2207 1616 109 25 Leggett.

1907 1647 64 22 First
1994 1647 103 22 Downs:
2123 1647 95 26 Loyola,
2242 1647 36 24 14;
2301 1645 76 22 Tenn.
2399 1646 19 21 8.

1879 1679 114 22 Forward
2014 1679 87 21 Passes
2122 1676 131 28 complete:
2274 1677 98 26 Loyola,
2393 1676 25 26 5;

1879 1710 111 26 yardage,
2004 1710 39 25 46;
2058 1709 145 26 Tennessee,
2220 1708 23 27 1;
2258 1708 112 27 yardage,
2384 1708 34 22 20.

1880 1742 86 21 Passes
1984 1741 155 26 incomplete:
2156 1740 98 27 Loyola,
2268 1741 26 24 4;
2309 1739 75 22 Tenn.
2399 1738 20 23 7.

1880 1772 112 23 Fumbles
2001 1780 5 14 :
2019 1772 97 26 Loyola,
2127 1769 24 29 3;
2164 1771 75 22 Tenn.
2250 1771 20 22 2.
2283 1769 121 24 Penalties
2413 1769 4 29 :

1880 1804 97 26 Loyola,
1992 1803 26 22 25
2027 1802 4 28 ;
2047 1803 76 22 Tenn.
2138 1802 33 23 25.
2200 1802 111 27 Average
2329 1802 75 22 Punts
2413 1802 4 28 :

1880 1835 113 27 Winling,
2017 1835 26 22 47
2066 1833 85 29 yards;
2177 1834 89 25 White,
2289 1834 27 21 44
2338 1833 81 27 yardD.

1907 1866 67 22 Time
1993 1866 26 22 of
2040 1865 112 23 Periods:
2173 1865 24 22 15
2217 1865 111 22 minutes.

1907 1897 105 22 Officials
2022 1896 4 27 :
2042 1897 117 22 Andrews
2177 1896 115 27 (Tulane)
2311 1896 107 25 referee;

1883 1929 113 26 Maloney
2023 1929 115 25 (Tulane)
2165 1928 106 26 umpire;
2296 1927 123 23 Schwartz

1882 1960 115 26 (Tulane)
2018 1960 61 22 head
2100 1960 129 24 linesman;
2250 1960 25 21 P.
2294 1959 20 25 J.
2333 1957 72 22 Flana-

1879 1999 46 14 gan
1946 1991 133 22 (P.S.A.L.)
2096 1991 156 22 timekeeper.

182 315 246 44 LOYOLA
467 315 269 42 DEFEATS
776 314 365 43 UNIVERSITY

322 379 79 41 OF
431 378 229 42 DALLAS
692 378 78 41 BY
802 379 52 40 10
883 377 83 42 TO
997 379 26 40 0
1052 377 236 42 MARGIN

339 478 47 20 (M.
407 478 22 20 J.
452 478 118 20 Hartson)

212 508 39 22 On
273 508 127 26 Saturday,
421 508 138 22 November
577 508 20 25 3,
617 508 110 25 Loyola's

185 539 101 22 Wolves
300 539 139 26 triumphed
450 546 58 15 over
520 539 41 21 the
573 542 85 22 strong
671 538 43 21 Dal-

186 570 34 22 las
238 570 141 27 University
395 570 33 27 by
444 578 12 14 a
474 577 67 15 score
558 570 27 22 of
604 570 56 22 10-0.
677 569 51 22 The

186 602 55 21 field
258 608 50 17 was
327 609 12 14 a
359 609 41 14 sea
418 601 26 22 of
461 601 57 22 mud
537 601 47 22 and
603 601 126 22 restricted

185 633 41 21 the
246 632 99 26 playing
365 636 25 18 to
411 632 103 26 straight
535 631 112 23 football.
680 631 48 23 Out

185 663 27 22 of
224 670 131 16 numerous
369 667 105 23 atempts
488 667 23 18 at
525 670 86 20 passes
625 663 32 27 by
670 663 58 22 both

185 697 86 24 teams,
290 702 59 19 very
368 697 47 20 tew
433 702 63 14 were
514 694 143 22 successful.

214 726 27 21 In
262 726 42 21 the
326 726 52 21 first
399 725 52 22 half
471 725 93 27 Loyola
584 725 145 27 completely

185 757 134 26 outplayed
344 757 89 26 Dallas,
458 757 97 25 scoring
579 763 73 15 seven
677 757 52 21 first

185 788 83 22 downs
284 791 26 19 to
325 795 63 15 none
404 788 31 26 by
450 788 91 22 Dallas.
572 788 27 21 In
614 788 43 21 the
671 795 58 18 very

185 818 132 27 beginning
339 818 28 22 of
388 819 41 22 the
450 825 78 20 game,
551 818 65 22 after
638 818 91 27 Loyola

185 850 84 22 forced
288 850 85 22 Dallas
390 854 26 18 to
433 853 67 23 punt,
518 850 79 23 Smith
614 853 63 19 went
694 850 35 22 off

185 881 80 22 tackle
284 880 39 23 for
340 884 41 18 ten
398 880 72 27 yards
489 881 48 21 and
555 881 174 26 Domengeaux

185 912 94 22 around
295 912 45 22 end
356 912 39 22 for
411 912 65 26 eight
491 912 81 26 yards.
603 912 36 27 By
654 912 74 22 bucks

185 944 48 22 and
250 944 46 22 end
314 951 58 14 runs
389 944 40 21 the
447 944 49 21 ball
513 951 50 15 was
582 944 105 25 brought
704 947 25 18 to

190 974 90 23 Dallas'
307 974 121 27 one-yard
455 974 47 22 line
528 974 82 22 where
638 974 89 27 Loyola

185 1013 50 15 was
251 1006 63 22 held.

215 1037 85 22 Dallas
312 1037 88 22 kicked
412 1040 42 19 out
466 1036 28 22 of
505 1037 92 26 danger
609 1036 46 23 and
668 1037 46 25 Loy-

186 1068 40 22 ola
247 1068 70 26 again
339 1068 80 26 began
440 1068 31 22 its
493 1068 83 22 march
599 1068 69 22 down
688 1067 41 22 the

187 1100 63 25 field,
268 1100 43 22 but
329 1099 86 23 before
434 1100 58 26 they
511 1100 70 22 could
599 1100 72 21 reach
689 1100 40 21 the

185 1131 57 26 goal
262 1131 41 22 the
324 1131 53 21 first
396 1134 100 23 quarter
516 1130 78 22 ended
612 1130 58 22 with
688 1130 41 22 the

188 1162 47 22 ball
253 1161 25 23 in
296 1161 111 27 Loyola's
427 1161 146 27 possession,
590 1169 31 14 on
640 1160 86 22 Dallas'

185 1192 102 27 25-yard
311 1193 54 22 line.

216 1224 27 21 In
258 1224 42 22 the
313 1224 132 26 beginning
460 1224 26 21 of
500 1224 42 22 the
556 1224 89 22 second
660 1231 56 18 quar-

186 1259 38 18 ter
237 1255 91 27 Loyola
341 1262 49 15 was
403 1254 71 27 again
488 1255 58 27 kept
560 1255 22 21 in
597 1255 74 21 check
684 1254 45 22 and

186 1286 133 23 Unsworth
339 1286 71 22 made
430 1293 31 15 an
481 1286 168 22 unsuccessful
670 1286 59 26 drop

188 1317 62 23 kick.
290 1317 38 22 On
355 1317 90 22 Dallas'
472 1317 54 22 first
552 1317 58 26 play
634 1317 24 21 in
682 1317 47 21 this

186 1352 99 23 quarter
302 1348 92 27 Guidry
411 1348 151 27 intercepted
578 1356 14 14 a
610 1355 56 20 pass
684 1348 45 22 and

185 1383 65 19 went
269 1380 26 21 12
311 1380 73 26 yards
402 1379 86 23 before
506 1380 30 21 he
553 1387 48 14 was
621 1379 108 26 stopped.

187 1411 176 25 Domengeaux
380 1414 64 18 went
462 1411 65 25 eight
544 1410 72 26 yards
633 1410 37 22 off
687 1410 42 22 left

190 1442 45 22 end
262 1442 48 22 and
337 1442 110 26 Winling
473 1442 71 22 made
571 1442 54 22 first
653 1442 76 22 down.

186 1473 67 22 Once
278 1480 67 15 more
372 1473 175 26 Domengeaux
571 1473 69 22 made
665 1473 64 25 eight

186 1504 72 26 yards
273 1504 37 21 off
327 1504 46 21 end
387 1504 47 22 and
450 1504 76 22 Smith
543 1504 69 21 made
628 1504 101 21 another

188 1536 52 21 first
262 1535 70 22 down
356 1536 32 25 by
409 1536 90 22 inches.
535 1535 51 22 The
610 1535 48 22 ball
680 1542 49 15 was

189 1573 51 15 now
259 1574 31 14 on
309 1566 42 22 the
371 1566 119 27 five-yard
509 1566 46 22 line
574 1566 48 22 and
641 1566 44 22 due
704 1569 25 19 to

186 1598 68 21 three
268 1597 135 22 successful
417 1601 116 23 attempts
547 1597 31 27 by
593 1597 76 23 Smith
683 1597 46 22 and

186 1629 109 25 Winling
309 1629 41 21 the
364 1629 48 21 ball
427 1636 49 14 was
490 1629 106 25 brought
610 1632 25 18 to
647 1628 82 22 within

186 1667 14 15 a
218 1659 51 22 foot
286 1659 26 22 of
329 1660 42 21 the
388 1659 62 26 goal.
481 1659 51 22 The
548 1667 54 19 way
617 1659 42 22 the
675 1666 54 15 men

187 1690 63 23 iro.il
266 1690 85 22 Dallas
369 1690 86 26 fought
470 1695 24 17 at
510 1690 48 22 this
573 1690 91 22 critical
678 1697 34 15 mo-

185 1724 72 22 ment,
274 1721 17 22 it
308 1721 89 22 looked
412 1729 26 14 as
454 1721 18 22 if
488 1722 90 25 Loyola
593 1729 50 14 was
657 1721 72 26 going

185 1756 26 18 to
230 1752 29 22 be
279 1752 56 22 held
355 1759 60 15 once
433 1759 75 19 more,
527 1753 43 21 but
589 1753 59 26 they
666 1760 63 14 were

187 1784 86 22 unable
294 1787 25 18 to
341 1784 73 22 resist
435 1784 41 22 the
498 1784 119 26 powerful
639 1784 90 26 Loyola

185 1815 48 21 line
246 1815 48 21 and
309 1814 94 22 Harold
417 1815 110 25 Winling
540 1818 64 18 went
619 1822 57 14 over
692 1814 37 22 for

184 1853 13 14 a
223 1845 153 22 touchdown.
406 1845 132 22 Unsworth
564 1845 86 22 kicked
673 1845 55 27 goal

185 1877 38 21 for
241 1877 42 22 the
302 1880 69 19 extra
390 1877 75 26 point.

211 1907 50 22 The
277 1907 51 22 first
341 1907 52 22 half
405 1908 26 21 of
443 1908 40 21 the
495 1915 70 18 game
578 1907 77 22 ended
668 1915 58 14 soon

184 1939 62 22 after
265 1939 47 22 this
333 1939 56 22 with
407 1939 43 22 the
468 1939 49 22 ball
536 1946 30 15 on
584 1939 42 22 the
643 1939 83 22 Dallas

184 1970 119 27 five-yard
325 1970 55 23 line.

210 2001 85 22 Dallas
311 2009 67 14 came
394 2001 62 22 back
472 2000 23 23 in
511 2001 42 22 the
569 2001 90 22 second
674 2000 52 22 half

184 2040 11 13 a
217 2040 52 13 new
291 2037 71 16 team,
385 2033 48 20 and
453 2033 32 20 by
505 2033 111 20 working
637 2039 13 14 a
673 2039 39 14 sue-

752 475 89 21 cessful
859 475 101 25 passing
976 481 69 19 game
1064 475 85 21 scored
1167 475 55 21 four
1240 475 54 21 first

752 506 89 22 downs.
872 505 68 22 With
957 506 41 21 the
1016 505 47 22 ball
1080 513 32 14 on
1128 505 111 27 Loyola's
1255 504 39 22 25-

752 537 59 27 yard
826 537 47 22 line
889 537 18 22 it
923 537 88 22 looked
1028 544 24 15 as
1070 536 19 22 if
1103 537 42 22 the
1160 543 55 15 men
1231 536 63 22 from

753 568 84 22 Dallas
864 575 65 15 were
955 568 74 25 going
1054 571 26 18 to
1106 575 60 15 even
1194 575 31 19 up
1253 568 41 21 the

753 607 75 18 score,
850 598 44 23 but
917 607 13 13 a
953 606 56 19 pass
1031 599 77 22 which
1131 598 80 23 would
1233 599 61 21 have

753 637 90 20 proven
870 630 59 22 fatal
957 630 38 22 for
1021 630 97 26 Loyola,
1145 636 48 16 was
1220 630 62 22 inter-

753 661 85 27 cepted
863 661 32 27 by
919 662 182 25 Domengeaux.
1140 661 66 23 Soon
1230 661 65 22 after

753 693 45 22 this
826 692 113 27 Loyola's
979 693 56 26 goal
1060 700 51 14 was
1150 692 144 22 threatened

752 731 76 15 worse
847 724 60 22 than
926 724 86 22 before
1031 724 77 25 when,
1126 723 64 23 after
1209 730 13 15 a
1241 730 40 15 suc-

753 755 90 22 cessful
861 755 74 22 aerial
952 755 82 22 attack
1051 755 40 22 the
1107 758 86 22 strong
1209 754 85 22 Dallas

753 791 64 17 team
830 786 105 26 brought
950 786 40 22 the
1005 786 49 22 ball
1068 786 62 22 back
1145 790 25 17 to
1184 785 110 27 Loyola's

754 818 119 25 five-yard
896 818 55 22 line.
1013 818 72 24 Here,
1110 818 119 25 however,
1252 817 42 21 the

753 849 99 23 Wolves
867 848 99 22 showed
979 856 61 14 once
1053 856 67 14 more
1134 848 63 22 their
1210 848 85 22 mettle

753 880 47 22 and
818 879 56 22 held
893 879 41 22 the
955 879 122 28 opposing
1095 883 65 18 team
1180 879 40 22 for
1239 879 56 22 four

753 912 89 22 downs.
874 910 52 23 The
946 912 45 21 end
1010 911 26 22 of
1056 911 40 22 the
1114 911 64 22 third
1198 914 97 22 quarter

753 950 66 15 came
835 950 60 14 soon
909 942 65 22 after
987 942 92 26 Loyola
1094 942 46 22 had
1154 942 86 21 kicked
1252 945 43 18 out

753 974 27 22 of
802 974 97 26 danger.

782 1006 26 21 In
825 1006 41 21 the
885 1005 47 22 last
950 1008 98 23 quarter
1065 1004 27 22 of
1109 1005 40 21 the
1167 1011 70 19 game
1253 1004 41 21 the

754 1037 98 22 Wolves
878 1043 68 15 came
972 1036 62 22 back
1059 1039 85 22 strong
1169 1035 47 21 and
1242 1042 39 14 suc-

753 1068 89 21 ceeded
861 1067 22 22 in
902 1067 112 26 bringing
1031 1067 41 22 the
1090 1067 47 22 ball
1156 1069 25 19 to
1198 1066 41 22 the
1256 1066 38 22 20-

753 1099 59 27 yatd
834 1099 46 21 line
901 1098 81 22 where
1002 1097 133 23 Unsworth
1156 1097 77 22 ended
1253 1097 42 22 the

753 1137 69 19 game
839 1129 57 22 with
915 1137 14 14 a
946 1133 83 22 pretty
1046 1128 57 22 field
1119 1128 64 27 goal.

780 1161 52 22 The
851 1161 92 26 Loyola
962 1161 99 22 Wolves
1079 1160 99 22 showed
1195 1166 13 15 a
1226 1162 69 23 great

753 1193 176 25 improvement
941 1199 59 14 over
1013 1191 62 22 their
1088 1190 112 27 previous
1212 1197 82 19 games

753 1223 47 22 and
816 1231 41 14 are
873 1222 167 27 undoubtedly
1055 1229 46 15 one
1116 1221 27 22 of
1158 1222 41 21 the
1214 1225 67 22 great-

753 1258 38 18 est
807 1254 46 22 and
870 1257 124 23 strongest
1011 1257 76 19 teams
1106 1253 83 23 South.
1221 1253 55 21 Dom-

754 1293 109 19 engeaux
886 1285 98 22 showed
1006 1285 52 21 that
1080 1285 31 21 he
1132 1284 19 22 is
1174 1288 42 17 not
1238 1283 57 27 only

753 1325 14 13 a
782 1321 69 22 great
867 1324 55 14 man
939 1324 30 13 on
985 1316 41 21 the
1042 1315 126 26 offensive,
1184 1315 43 22 but
1243 1315 52 22 also

753 1355 31 15 on
797 1355 13 15 a
824 1347 124 31 defensive
961 1354 77 19 game.
1065 1347 37 22 On
1115 1347 41 22 the
1170 1346 47 22 line
1230 1345 48 22 Uns-

753 1379 77 22 worth
851 1379 47 21 and
918 1378 145 26 Burguieres
1084 1377 87 27 played
1189 1377 61 26 well,
1269 1384 25 14 as

753 1410 40 22 did
818 1409 88 23 Curtis.
946 1409 28 22 In
999 1409 41 22 the
1065 1409 121 22 backfield
1211 1408 84 26 Smith,

755 1442 175 25 Domengeaux
957 1441 48 21 and
1031 1440 108 26 Winling
1165 1447 63 15 were
1254 1440 40 21 the

754 1472 64 22 chief
838 1472 96 26 ground
954 1471 103 26 gainers.

781 1503 49 22 For
847 1503 83 22 Dallas
949 1503 128 27 Shephard
1093 1502 87 27 played
1197 1509 14 15 a
1226 1505 68 22 great

769 1534 127 23 defensive
922 1541 70 19 game
1018 1541 32 14 on
1075 1534 42 21 the
1145 1533 53 25 line,
1225 1532 70 23 while

753 1566 91 25 Watts,
865 1566 42 21 the
930 1564 116 27 fullback,
1080 1572 49 14 was
1165 1564 41 22 the
1241 1564 53 22 best

753 1597 95 26 ground
870 1597 92 26 gainer.
1000 1596 38 22 He
1061 1596 52 22 also
1137 1595 89 27 passed
1249 1595 46 21 and

754 1628 91 26 punted
868 1627 62 23 well.

783 1659 91 26 Lineup
895 1658 47 22 and
963 1657 140 28 Summary:

782 1690 84 22 Dallas
885 1690 35 25 (0)
954 1689 108 22 Position
1107 1688 90 27 Loyola
1216 1688 49 26 (10)

754 1721 121 26 Donnelly
1005 1719 47 24 L.E
1215 1718 79 23 Curtis

754 1752 88 21 Hoban
990 1751 47 23 L.T
1163 1750 131 23 Unsworth

754 1784 25 23 L.
797 1783 140 22 Bodenstell
996 1781 45 25 L.F
1161 1781 134 23 Tuminello

755 1814 110 26 Shepard
1009 1813 19 22 C
1206 1812 89 26 Guidry

755 1845 101 27 Phillips
1003 1844 48 23 R.G
1202 1843 92 23 Carroll

754 1877 94 22 Wilson
1007 1875 48 22 R.T
1151 1874 144 26 Burguieres

753 1907 132 24 Schneider
1004 1906 48 23 R.E
1217 1906 77 21 Nolan

754 1939 120 22 Pecacaro
1004 1938 49 26 Q.B
1122 1938 172 24 Domengeaux

753 1970 88 22 Moran
970 1969 80 24 L.H.B
1186 1967 108 27 Winling

753 2001 132 21 McAdams
963 2000 82 22 R.H.B
1200 1999 93 22 Hebert

752 2033 78 20 Watts
986 2031 48 22 F.B
1156 2030 77 23 Smith
1253 2030 35 23 (c)

1344 315 73 21 Score
1435 315 31 24 by
1483 315 108 25 periods:

1318 344 84 22 Dallas
1663 344 14 22 0
1705 344 13 22 0
1746 343 13 23 0
1788 343 67 22 o—o

1317 377 90 25 Loyola
1665 376 13 22 0
1707 375 13 22 7
1748 375 13 21 0
1789 374 12 22 3
1802 374 54 21 —lo

1346 407 127 26 Summary
1496 419 29 4 —
1549 407 162 25 Touchdown,
1736 405 118 26 Winling;

1319 438 55 22 field
1388 438 63 27 goal,
1464 437 131 24 Unsworth
1605 437 4 28 ;
1624 437 54 27 goal
1694 437 63 22 after
1772 437 70 22 touch-

1318 470 76 26 down,
1412 470 137 22 Unsworth.

1346 508 149 23 Substitutes
1505 507 3 26 :
1524 507 64 22 First
1603 510 97 23 quarter
1715 512 74 19 none;
1805 513 38 14 sec-

1318 539 47 21 ond
1380 542 103 23 quarter,
1498 539 97 26 Loyola,
1609 538 82 23 White
1705 537 39 22 for
1757 537 99 22 Hebert.

1319 570 90 26 Dallas,
1430 570 106 22 Howard
1556 570 39 22 for
1615 570 126 26 Donnelly,
1761 568 95 23 Carline

1319 602 38 22 for
1380 599 146 28 McAdams;
1548 601 64 22 third
1634 604 104 23 quarter,
1761 599 95 26 Loyola,

1322 633 91 22 Hebert
1436 632 38 22 for
1497 633 95 25 White;
1617 632 90 25 Dallas,
1731 631 123 26 Randolph

1320 664 38 22 for
1386 664 109 27 Phillips,
1523 664 133 22 McAdams
1683 663 39 22 for
1748 662 108 24 Carline;

1320 696 82 22 fourth
1425 699 105 22 quarter,
1554 695 98 26 Loyola,
1676 694 118 25 Cerniglia
1820 693 37 21 for

1319 726 100 26 Carroll,
1445 726 137 22 Broussard
1606 726 38 21 for
1668 725 83 26 Smith,
1775 724 82 23 White

1319 758 38 22 for
1378 758 106 25 Hebert;
1506 758 89 25 Dallas,
1616 757 99 26 Phillips
1735 756 38 22 for
1794 756 47 21 Ran-

1319 790 82 25 dolph,
1424 789 108 22 Herman
1557 789 39 21 for
1622 788 139 25 McAdams,
1786 787 70 26 Mays

1319 820 38 22 for
1376 820 145 26 Bodenstell,
1540 820 176 26 McMurraugh
1737 818 38 22 for
1793 818 51 22 Phil-

1319 851 53 27 lips.

371 2119 187 57 Varsity
606 2118 214 42 Football
868 2118 236 42 Schedule

567 2216 127 25 Saturday,
710 2216 108 21 October
836 2217 31 23 13,
885 2217 53 19 1923

234 2250 131 23 Louisiana
385 2250 68 22 State
471 2250 99 22 Normal
708 2254 53 18 —at
763 2262 27 4 —
966 2249 91 27 Loyola
1075 2248 139 27 University

329 2281 25 24 L.
370 2280 23 24 S.
407 2281 71 22 N.—o
1024 2280 26 24 L.
1068 2279 85 23 U.—36

583 2312 104 25 Sunday,
700 2312 107 21 October
820 2314 34 24 21,
868 2314 53 19 1923

266 2345 91 28 Spring
375 2346 51 21 Hill
443 2345 99 27 College
707 2349 83 19 —at—
801 2345 2 28 .
966 2346 90 26 Loyola
1073 2345 140 26 University

329 2377 23 23 S.
367 2377 30 22 H.
411 2377 68 22 C.—6
1024 2377 25 23 L.
1066 2376 85 23 U.—l9

569 2409 127 25 Saturday,
710 2409 108 21 October
831 2410 33 25 27,
880 2410 53 21 1923

287 2442 97 23 Marion
405 2443 114 22 Institute
707 2447 83 18 —at—
966 2443 90 27 Loyola
1072 2443 140 26 University

345 2474 34 22 M.
401 2474 60 21 I.—o
1022 2474 25 23 L.
1065 2473 84 23 U.—33

554 2505 128 26 Saturday,
700 2505 136 21 November
853 2507 20 24 3,
892 2507 53 19 1923

255 2538 140 27 University
417 2538 27 22 of
466 2539 82 22 Dallas
707 2543 52 18 —at
761 2552 28 3 —
965 2539 90 27 Loyola
1072 2538 140 27 University

326 2570 29 22 U.
368 2570 27 22 of
408 2570 71 22 D.—o
1024 2570 26 24 L.
1067 2570 86 22 U.—lo

548 2601 128 26 Saturday,
691 2602 138 21 November
846 2603 33 24 10,
896 2603 53 20 1923

279 2635 122 23 Tenessee
420 2636 101 22 Medics.
705 2640 82 18 —at—
964 2636 91 27 Loyola
1071 2636 140 26 University

339 2666 27 23 T.
388 2667 76 22 M—o
1030 2667 25 23 L.
1076 2666 72 23 U.—o

547 2698 127 25 Saturday,
691 2698 138 21 November
845 2700 33 24 24,
895 2700 53 20 1923

248 2732 129 23 Louisiana
396 2732 157 26 Polytechnic
705 2736 52 18 —at
758 2745 28 3 —
1006 2733 101 25 Ruston,
1130 2733 41 23 La.

335 2763 25 23 L.
379 2763 25 23 P.
423 2763 46 23 I.—
1035 2763 25 24 L.
1083 2763 58 23 U.—

546 2794 134 26 Thursday,
696 2796 137 20 November
848 2797 34 24 29,
899 2797 51 20 1923

278 2828 128 24 Louisiana
426 2828 99 27 College
706 2833 81 18 —at—
983 2829 155 26 Alexandria,
1152 2830 41 22 La.

350 2859 26 23 L.
401 2858 54 23 C.—
1034 2860 25 24 L.
1083 2859 58 23 U.—

465 2890 187 22 FRESHMAN
669 2891 172 22 FOOTBALL
858 2892 176 21 SCHEDULE

560 2925 127 26 Saturday,
706 2926 106 21 October
831 2929 33 22 20,
884 2928 53 20 1923

193 2958 56 23 Gulf
268 2958 74 23 Coast
361 2958 108 27 Military
486 2959 124 26 Academy
707 2964 81 19 —at—
966 2961 90 26 Loyola
1072 2960 142 27 University

291 2989 27 23 G.
335 2988 25 24 C.
378 2990 33 22 M.
427 2988 154 28 A.—l
676 2988 94 28 9
865 2988 189 28 L.
1075 2991 69 23 F.—6

568 3022 106 26 Sunday,
693 3023 108 21 October
820 3024 34 25 28,
875 3025 53 20 1923

279 3055 126 27 Jefferson
426 3054 97 28 College
706 3061 53 18 —at
760 3069 29 4 —
966 3057 91 27 Loyola
1073 3056 141 28 University

345 3085 22 27 J.
391 3085 68 24 C.—9
1028 3089 26 22 L.
1077 3088 67 23 F.—6

554 3118 127 26 Saturday,
698 3119 138 21 November
852 3121 21 24 3,
890 3121 53 20 1923

257 3152 25 23 L.
309 3151 23 25 S.
357 3151 30 23 U.
412 3150 135 24 Freshmen
705 3157 83 18 —at—
964 3154 91 27 Loyola
1072 3153 141 28 University

288 3183 25 23 L.
337 3183 23 23 S.
382 3183 29 22 U.
433 3183 81 22 F.-13
1030 3185 25 23 L.
1077 3184 68 23 F.-O

557 3214 106 25 Sunday,
681 3215 137 21 November
837 3216 33 26 11,
888 3217 52 21 1923

337 3248 123 23 Audubon
707 3252 83 19 —at—
965 3250 91 27 Loyola
1072 3249 142 28 University

365 3280 72 23 A.—6
1029 3282 25 21 L.
1077 3281 67 22 F.—o

855 230 79 29 THE
956 231 174 29 MAROON,
1152 230 219 30 THURSDAY,
1394 230 218 28 NOVEMBER
1637 231 20 29 1,
1683 230 62 26 1923

172 233 225 26 4

1319 911 138 21 WOLVES
1479 911 155 20 OUTPLAY
1658 909 150 22 DOCTORS

1407 942 33 21 IN
1461 942 113 21 GREAT
1595 941 185 22 SCORELESS
1802 940 54 21 TIE

1402 1004 148 26 (Continued
1572 1005 62 22 from
1658 1005 61 25 Page
1742 1004 29 25 1.)

1428 2109 224 39 LOYOLA
1675 2110 278 38 STUDENTS
1972 2110 114 38 AND
2107 2110 213 38 ALUMNI

1676 2179 65 26 Will
1757 2179 56 25 find
1829 2180 86 32 ready
1931 2179 46 26 for
1991 2180 78 25 them

1824 2228 27 25 in
1867 2228 49 26 the

1646 2283 194 39 MEN'S
1890 2283 216 39 STORE

1855 2352 31 26 of

1415 2409 76 65 D.
1521 2409 78 65 H.
1636 2409 341 65 HOLMES
2012 2409 149 76 CO.,
2192 2409 135 65 Ltd.

1656 2511 46 24 All
1725 2511 49 25 the
1796 2511 117 26 Newest
1939 2510 94 34 Styles
2057 2511 28 25 in

1442 2565 188 26 SUITS
1686 2565 96 26 and
1838 2565 462 26 FURNISHINGS

1450 2736 62 61 A
1571 2736 172 61 Store
1799 2735 87 62 for
1944 2735 339 63 Students

1616 2818 103 61 and
1755 2819 192 77 Young
1983 2819 134 61 Men

1452 2917 38 22 On
1507 2918 41 22 the
1566 2917 97 22 Maison
1681 2918 106 22 Blanche
1806 2918 67 22 Main
1890 2918 73 22 Floor
1979 2924 47 20 you
2042 2918 48 22 will
2109 2918 48 22 find
2173 2917 110 27 grouped

1453 2952 112 27 together
1589 2952 142 27 everything
1755 2956 26 18 to
1804 2953 71 22 outfit
1900 2952 179 27 yourself—the
2105 2956 90 18 newest
2221 2951 62 27 style

1453 2986 67 26 suits,
1540 2990 124 23 top-coats
1685 2987 47 22 and
1753 2991 247 22 overcoats—strong,
2021 2987 92 26 stylish,
2133 2986 150 26 moderately

1452 3021 83 27 priced
1552 3022 70 21 shoes
1640 3021 47 22 and
1703 3022 142 27 everything
1860 3029 48 20 you
1925 3023 60 21 need
2002 3022 23 22 in
2042 3022 156 22 accessories.

1452 3056 88 22 Watch
1559 3056 41 22 the
1617 3056 63 27 daily
1696 3063 155 21 newspapers
1870 3056 38 23 for
1925 3059 205 19 announcements
2148 3056 27 22 of
2192 3055 90 27 special

1451 3090 92 23 values.

1738 3204 107 12 GREATEST
1859 3201 66 15 STORE
1941 3201 67 15 SOUTH

1494 3235 63 28 You
1577 3246 58 17 can
1654 3245 74 19 save
1748 3247 84 17 more
1852 3242 34 22 at
1904 3236 52 28 the
1969 3236 126 27 Maison
2109 3235 141 28 Blanche
