2622 3513
1336 1089 40 21 the
1393 1089 132 26 steamship
1543 1089 94 26 Capitol
1654 1089 38 22 for
1708 1090 40 21 the
1764 1089 67 26 night
1847 1089 26 21 of

1337 1120 134 22 December
1484 1120 33 25 21,
1534 1121 52 21 that
1601 1121 41 21 the
1657 1120 85 26 profits
1759 1120 114 26 resulting

1337 1151 62 22 from
1414 1151 46 22 this
1477 1151 133 27 enterprise
1625 1151 78 22 would
1720 1151 28 22 be
1763 1151 70 26 given
1847 1155 26 18 to

1335 1182 40 22 the
1394 1183 26 23 L.
1438 1182 28 22 A.
1485 1183 35 24 A.,
1538 1183 47 21 and
1604 1183 51 22 that
1674 1183 57 22 each
1751 1182 122 27 president

1336 1213 85 26 pledge
1436 1214 41 21 the
1493 1217 101 23 support
1609 1213 26 22 of
1650 1214 36 22 his
1702 1214 69 21 class.
1798 1213 57 22 Num-

1336 1251 69 15 erous
1426 1244 113 26 inquiries
1559 1252 62 15 were
1640 1245 69 22 made
1729 1244 144 27 concerning

1335 1276 39 21 the
1390 1279 109 19 contract
1514 1279 25 19 to
1554 1277 28 21 be
1598 1277 68 21 made
1681 1276 56 22 with
1753 1276 40 22 the
1809 1277 64 24 boat,

1334 1306 47 22 and
1397 1306 69 22 when
1483 1307 47 21 Mr.
1545 1306 140 27 Greenberg
1699 1307 119 22 informed
1831 1308 42 21 the

1334 1338 125 26 assembly
1482 1338 52 22 that
1558 1345 13 15 a
1595 1338 106 22 decision
1724 1338 47 22 had
1793 1343 26 17 to
1843 1338 30 22 be

1335 1369 103 21 reached
1459 1369 63 26 right
1544 1377 67 18 away
1632 1370 102 22 because
1755 1370 40 21 the
1816 1377 43 14 con-

1334 1404 62 17 tract
1416 1407 49 14 was
1485 1404 25 18 to
1530 1400 30 22 be
1580 1401 79 21 closed
1678 1401 42 21 the
1739 1409 57 18 very
1816 1405 57 17 next

1333 1431 113 26 morning
1466 1431 84 23 before
1570 1432 61 26 8:30,
1651 1432 41 22 the
1712 1432 91 22 motion
1823 1440 49 14 was

1334 1462 105 26 rejected
1456 1470 32 14 on
1505 1463 41 22 the
1562 1463 54 26 plea
1633 1463 52 22 that
1703 1471 30 14 no
1750 1463 122 26 president

1334 1493 46 22 had
1398 1500 81 20 power
1495 1498 26 17 to
1538 1494 56 21 bind
1610 1494 36 22 his
1663 1495 62 21 class
1743 1498 25 18 to
1786 1502 12 14 a
1816 1502 42 14 con-

1333 1528 62 19 tract
1411 1525 100 22 without
1529 1526 51 21 first
1597 1526 137 26 consulting
1750 1526 36 22 his
1803 1526 69 22 class.

1335 1555 98 22 Instead
1446 1556 27 21 of
1487 1556 47 22 this
1549 1564 14 14 a
1576 1556 91 22 motion
1681 1564 48 14 was
1743 1557 129 26 proposed,

1334 1587 121 22 seconded
1466 1587 47 22 and
1527 1587 104 27 adopted
1644 1588 51 21 that
1708 1588 40 21 the
1763 1588 108 22 students

1333 1618 79 22 would
1428 1625 43 15 run
1488 1619 31 21 all
1535 1619 87 22 dances
1638 1619 23 21 in
1677 1620 41 21 the
1733 1619 139 27 University

1333 1649 157 26 gymnasium,
1516 1649 123 22 one-third
1666 1650 26 22 of
1718 1651 41 21 the
1786 1651 84 25 profits

1333 1680 72 26 going
1421 1684 24 18 to
1461 1681 41 21 the
1518 1681 25 22 L.
1558 1681 28 22 A.
1601 1681 36 25 A.,
1651 1681 124 22 one-third
1790 1685 25 18 to
1830 1682 40 21 the

1333 1712 151 25 department
1505 1712 149 26 responsible
1675 1712 37 22 for
1730 1713 41 21 the
1790 1713 81 25 dance,

1333 1742 46 21 and
1396 1742 124 22 one-third
1538 1747 25 17 to
1581 1743 39 22 the
1639 1750 75 19 paper
1731 1751 28 14 or
1775 1743 95 26 journal

1333 1773 25 22 of
1376 1774 40 21 the
1434 1774 153 26 department
1605 1775 151 26 responsible
1775 1775 39 22 for
1830 1775 41 22 the

1333 1804 82 26 dance,
1429 1805 81 21 unless
1526 1805 69 22 other
1609 1809 183 22 arrangements
1808 1813 62 15 were

1333 1835 68 22 made
1419 1835 58 22 with
1496 1836 47 21 Mr.
1562 1836 25 21 B.
1607 1835 23 24 S.
1648 1835 128 28 D'Antoni,
1795 1837 63 26 presi-

1333 1867 56 21 dent
1405 1867 27 21 of
1447 1868 40 21 the
1504 1868 24 22 L.
1544 1867 28 22 A.
1587 1867 36 26 A.,
1639 1868 54 22 who
1708 1875 48 15 was
1773 1872 97 23 present

1332 1902 23 17 at
1374 1897 41 22 the
1432 1898 112 26 meeting.

1360 1935 37 22 Fr.
1412 1935 114 27 Sullivan,
1540 1935 52 27 S.J.,
1605 1936 60 22 dean
1679 1936 27 22 of
1718 1937 41 22 the
1773 1936 96 27 College

1331 1966 26 21 of
1369 1966 58 22 Arts
1441 1967 47 22 and
1502 1967 111 23 Sciences
1626 1968 47 22 and
1686 1968 93 26 Regent
1792 1968 26 22 of
1829 1968 41 22 the

1333 1997 87 22 Dental
1444 1998 151 26 department
1618 2006 48 14 was
1689 1999 53 22 also
1764 2003 105 23 present,

1331 2029 47 22 and
1399 2029 70 22 much
1493 2037 48 14 was
1564 2030 178 26 accomplished
1764 2031 104 25 through

1331 2060 35 21 his
1386 2060 82 27 timely
1487 2061 46 21 and
1551 2062 77 21 sound
1647 2062 89 22 advice.

1358 2097 51 22 The
1427 2098 107 26 meeting
1551 2106 49 14 was
1620 2099 133 26 adjourned
1774 2099 63 23 after
1856 2107 13 15 a

1330 2128 91 22 motion
1438 2133 25 17 to
1480 2129 52 22 that
1550 2129 80 23 effect.

1356 2159 59 23 This
1431 2167 50 16 was
1498 2161 40 22 the
1555 2161 53 22 first
1624 2161 106 27 meeting
1745 2162 80 22 where
1841 2170 28 14 so

1329 2198 71 19 many
1417 2191 27 22 of
1462 2192 41 22 the
1522 2192 165 26 departments
1706 2193 27 22 of
1751 2194 40 22 the
1808 2194 45 22 Uni-

1329 2222 91 27 versity
1433 2230 63 14 were
1510 2224 163 25 represented.
1697 2224 20 21 It
1731 2225 18 21 is
1764 2225 91 22 sincere-

1330 2254 23 25 ly
1369 2254 79 26 hoped
1462 2255 53 21 that
1531 2255 68 22 these
1615 2255 118 27 meetings
1748 2255 48 23 will
1811 2264 42 14 con-

1329 2284 65 22 tinue
1407 2286 47 21 and
1467 2286 53 21 that
1534 2286 40 22 the
1589 2286 130 23 formation
1733 2287 26 22 of
1773 2295 13 15 a
1801 2288 53 22 stud-

1328 2319 40 19 ent
1383 2316 93 22 council
1489 2317 48 21 will
1552 2324 58 14 soon
1626 2318 28 21 be
1669 2318 110 23 realized.
1805 2319 47 26 Loy-

1328 2347 38 22 ola
1384 2348 43 21 has
1446 2349 56 25 long
1519 2349 60 21 been
1598 2349 22 21 in
1637 2349 61 22 need
1714 2349 26 22 of
1757 2350 46 21 this
1820 2351 47 21 and

1328 2378 17 21 it
1370 2378 18 22 is
1412 2378 56 22 with
1493 2387 31 14 no
1549 2380 67 21 small
1641 2380 90 26 delight
1754 2382 53 22 that
1831 2389 35 15 we

1328 2410 88 22 realize
1429 2410 47 22 this
1490 2415 69 21 great
1572 2411 61 21 need
1646 2411 46 22 will
1707 2412 29 22 be
1749 2413 117 26 supplied.

1327 2440 34 22 As
1386 2448 49 15 was
1460 2442 50 21 said
1535 2442 22 21 in
1581 2449 13 15 a
1619 2443 111 25 previous
1754 2443 63 22 issue
1841 2444 26 22 of

1328 2471 46 22 this
1398 2480 88 18 paper:
1598 2474 95 22 student
1716 2474 64 27 body
1801 2480 65 18 must

1327 2507 37 18 act
1383 2503 23 22 in
1425 2503 93 27 unison,
1537 2504 57 27 they
1611 2509 65 17 must
1693 2505 99 23 become
1809 2514 42 14 con-

1327 2534 117 22 solidated
1468 2535 85 22 before
1576 2536 57 26 they
1657 2542 43 16 can
1724 2542 141 22 co-operate

1328 2565 145 27 sufficiently
1490 2566 57 22 with
1566 2567 41 22 the
1626 2566 100 28 Faculty
1745 2570 47 20 and
1810 2570 55 21 thus

1328 2597 98 22 achieve
1452 2597 117 27 anything
1595 2597 27 22 of

1361 2627 58 22 This
1446 2629 70 26 spirit
1543 2629 26 22 of
1596 2630 168 26 co-operation
1791 2631 60 22 mani-

1328 2658 78 22 fested
1418 2659 66 22 itself
1496 2664 24 18 at
1532 2661 41 21 the
1585 2661 105 25 meeting
1702 2662 46 21 and
1760 2662 42 22 the
1814 2663 42 21 offi-

1890 2607 52 16 cers
1969 2601 26 21 of
2022 2601 40 22 the
2088 2601 95 22 various
2211 2601 91 21 classes
2331 2600 96 22 showed

1890 2632 144 21 themselves
2052 2632 86 26 deeply
2154 2631 130 22 interested
2300 2631 22 21 in
2340 2631 30 21 all
2387 2631 40 21 the

1889 2667 100 17 matters
2006 2663 53 21 that
2075 2671 63 13 were
2155 2662 131 22 discussed.

256 1255 108 20 NEEDS
388 1255 42 20 OF
452 1256 22 19 A
497 1254 202 21 UNIVERSITY

234 1317 79 22 There
335 1324 40 15 are
397 1318 68 21 three
487 1317 88 26 phases
598 1320 25 18 to
644 1317 41 21 the
707 1317 39 20 life

205 1348 27 22 of
245 1356 73 18 every
330 1348 133 26 university
475 1347 97 22 student
585 1348 22 21 in
619 1347 42 22 the
673 1346 73 23 world

206 1380 80 26 today.
319 1380 22 21 If
358 1380 28 21 he
405 1380 108 25 neglects
530 1386 47 19 any
594 1378 25 22 of
636 1379 65 21 them
719 1379 27 21 he

206 1411 19 22 is
242 1414 41 18 not
298 1418 15 14 a
330 1410 152 26 full-fledged
497 1410 132 25 university
645 1409 101 22 student.

207 1442 22 21 If
245 1442 36 21 his
298 1441 134 27 university
450 1441 54 21 fails
522 1445 24 17 to
564 1440 78 22 foster
658 1448 47 19 any
722 1440 24 22 of

205 1473 74 26 them,
303 1473 44 22 she
371 1473 19 22 is
415 1476 41 18 not
481 1480 13 14 a
520 1472 152 26 full-fledged
696 1472 37 21 uni-

205 1504 98 26 versity.

232 1535 53 21 The
310 1534 135 27 university
469 1534 41 22 life
535 1534 26 22 of
585 1534 73 26 today
683 1540 48 15 com-

205 1567 77 26 prises
298 1574 14 14 a
328 1567 76 25 rough
422 1573 91 19 voyage
530 1566 72 25 along
618 1565 40 22 the
675 1565 71 26 paths

204 1598 27 21 of
250 1598 157 25 knowledge;
428 1605 13 13 a
461 1597 61 21 keen
543 1596 119 22 endeavor
682 1603 64 19 upon

204 1629 41 21 the
263 1628 56 22 field
334 1628 26 22 of
375 1628 112 22 athletics
497 1635 5 18 ;
518 1628 47 22 and
580 1635 14 14 a
611 1627 135 26 prominent

204 1660 106 26 position
327 1660 22 21 in
366 1660 41 21 the
425 1659 83 22 circles
524 1658 28 22 of
567 1658 73 22 social
657 1658 48 21 life.

232 1690 80 22 These
339 1698 41 14 are
407 1691 40 21 the
474 1691 69 20 three
570 1689 176 27 qualifications

204 1722 52 22 that
274 1729 30 15 an
323 1722 135 22 institution
476 1724 65 19 must
557 1721 61 21 have
636 1720 22 22 in
676 1720 70 22 order

204 1758 25 17 to
249 1754 29 21 be
299 1753 142 22 considered
461 1759 88 18 among
568 1752 41 21 the
629 1751 104 22 universi-

204 1785 44 21 ties
265 1784 27 21 of
307 1784 79 26 today.
417 1783 52 22 The
485 1783 151 26 antiquarian
653 1783 53 21 idea
721 1782 25 22 of

204 1823 13 15 a
233 1816 134 26 university
383 1815 19 22 is
419 1822 32 14 no
466 1815 85 25 longer
566 1817 84 19 extant
667 1813 23 21 in
706 1813 40 22 the

204 1847 139 22 estimation
359 1845 27 22 of
401 1846 42 22 the
458 1845 83 22 world.

231 1877 52 22 The
303 1877 116 22 standard
437 1877 26 21 of
481 1876 142 26 knowledge
642 1879 24 18 at
685 1876 46 25 Loy-

204 1910 39 21 ola
271 1909 58 21 does
357 1912 41 18 not
425 1908 88 26 permit
540 1907 41 22 the
609 1907 97 21 student
734 1914 12 14 a

204 1939 109 23 carefree
336 1939 141 26 prominade
501 1938 69 22 down
594 1938 41 21 the
658 1937 73 22 broad-

203 1979 53 19 way
275 1970 27 22 of
320 1970 150 26 knowledge,
491 1970 30 21 he
541 1973 64 18 must
623 1969 67 22 work
710 1968 35 22 his

203 2009 53 20 way
274 2002 161 26 assiduously.

231 2033 27 21 In
272 2033 119 23 athletics,
406 2031 90 28 Loyola
511 2032 19 21 is
544 2031 157 27 represented
714 2031 31 26 by

203 2068 76 18 teams
297 2064 52 22 that
368 2064 30 22 do
416 2067 42 19 not
475 2066 79 19 resort
571 2066 25 18 to
615 2062 51 22 foul
684 2062 61 26 play.

202 2095 69 28 They
288 2103 41 14 ire
347 2100 77 17 teams
442 2095 53 21 that
512 2094 46 21 win
574 2093 63 22 their
655 2094 90 20 honors

202 2127 105 26 through
333 2133 108 20 prowess
464 2125 47 22 and
535 2125 147 26 intrepidity.

231 2158 27 22 In
283 2158 74 21 social
382 2157 118 22 activities
526 2156 92 26 Loyola
641 2156 43 21 has
710 2155 23 22 al-

202 2196 66 19 ways
287 2188 102 22 claimed
407 2195 13 14 a
439 2187 106 27 position
563 2186 26 22 of
607 2186 136 22 distinction

203 2220 46 21 and
273 2219 161 27 prominence.
470 2218 52 22 The
545 2219 87 21 dances
655 2218 26 21 of
702 2218 42 22 the

203 2255 54 22 past
278 2251 67 21 week
366 2251 61 21 have
447 2250 84 21 shown
552 2249 46 22 this
619 2249 47 21 and
686 2249 17 21 it
724 2248 18 22 is

202 2282 80 25 hoped
296 2282 52 21 that
362 2281 57 26 they
432 2280 46 22 will
492 2280 112 22 continue
618 2280 72 26 along
702 2280 40 22 the

202 2320 65 15 same
283 2313 56 26 high
356 2313 74 21 ideals
446 2313 51 21 that
513 2313 68 20 mark
596 2318 13 15 a
626 2311 75 22 dance
716 2318 26 15 as

202 2351 13 13 a
238 2344 90 20 Loyola
351 2344 97 20 student
472 2343 113 21 function.

235 2411 24 26 A
277 2411 192 26 SODALITY
487 2411 50 26 AT
554 2410 151 27 LOYOLA

232 2496 25 24 A
273 2499 165 22 movement
452 2496 50 24 has
518 2496 44 24 for
578 2503 78 17 some
672 2496 67 23 time

198 2537 72 26 been
289 2536 27 26 in
334 2537 133 26 evidence
485 2536 100 26 within
604 2536 47 26 the
670 2535 52 27 Uni-

198 2579 109 33 versity
337 2583 31 21 to
397 2578 137 33 organize
563 2587 15 16 a
609 2577 130 33 sodality.

199 2620 113 32 During
337 2620 133 32 previous
495 2628 94 24 years,
616 2619 55 26 and
697 2628 28 16 es-

197 2662 121 33 pecially
338 2662 54 25 last
413 2670 77 24 year,
510 2661 57 25 this
587 2669 60 18 was
666 2661 73 24 tried

198 2703 123 26 without
357 2712 55 23 any
448 2702 136 32 startling
619 2711 120 17 success.

197 2744 120 26 Officers
343 2753 76 16 were
445 2745 109 24 elected
579 2744 55 25 and
660 2743 79 33 plans

197 2786 56 25 laid
274 2786 45 25 for
340 2786 46 25 the
407 2785 130 32 building
555 2794 37 24 up
611 2784 30 27 of
661 2794 16 16 a
697 2794 28 16 se-

197 2827 55 25 lect
268 2827 76 33 body
361 2827 30 25 of
408 2827 132 26 students
557 2831 31 21 to
605 2835 83 24 carry
704 2835 35 16 on

197 2868 48 26 the
263 2869 81 25 work
361 2869 56 25 and
434 2869 83 25 share
534 2867 27 26 in
579 2868 48 26 the
644 2867 82 33 privil-

197 2919 68 23 eges
291 2910 92 25 which
408 2918 176 25 accompany
611 2910 68 25 such
704 2918 35 16 an

197 2951 209 33 organization,
429 2951 50 26 but
504 2951 48 26 the
576 2955 163 21 movement

197 2993 85 25 failed
304 2993 127 32 through
453 2993 48 25 the
524 2997 78 21 utter
623 2993 64 25 lack
709 2993 30 24 of

197 3037 154 30 sympathy
363 3034 56 26 and
432 3033 198 34 co-operation
643 3042 36 17 on
691 3033 48 27 the

197 3081 64 27 part
283 3076 30 24 of
335 3076 47 25 the
405 3076 132 25 students
557 3076 182 25 themselves.

233 3117 25 25 It
274 3117 90 32 ought
380 3121 31 22 to
425 3117 33 26 be
474 3117 49 26 the
539 3121 114 22 earnest
668 3117 71 26 wish

197 3158 31 25 of
246 3166 87 25 every
351 3159 116 25 student
487 3159 97 25 whose
604 3159 134 33 religious

196 3200 178 26 convictions
390 3200 96 26 would
501 3204 127 22 warrant
644 3209 36 17 an
698 3201 27 25 in-

196 3246 89 21 terest
302 3242 27 25 in
346 3242 69 25 such
432 3251 16 16 a
464 3247 164 21 movement
644 3247 31 21 to
691 3251 47 17 see

196 3283 56 26 this
275 3284 83 32 thing
380 3292 37 24 go
439 3284 126 32 through
589 3285 54 25 and
666 3285 33 25 be
721 3294 16 16 a

770 1261 122 18 success.
927 1254 91 25 Other
1034 1255 125 32 colleges
1176 1255 72 26 have
1266 1264 30 17 so-

769 1294 113 27 dalities
906 1295 55 25 and
984 1305 48 16 are
1056 1296 91 32 proud
1169 1296 31 25 of
1223 1297 87 25 them.

769 1335 60 25 The
848 1337 131 25 students
998 1337 67 25 take
1083 1346 35 17 an
1136 1338 93 26 active
1246 1343 63 28 part

771 1377 25 25 in
816 1377 48 26 the
886 1377 145 27 functions
1051 1378 118 26 relative
1191 1383 31 21 to
1242 1380 67 25 such

770 1419 97 25 bodies
893 1420 55 24 and
974 1420 48 25 the
1048 1420 89 26 result
1164 1420 22 26 is
1212 1420 98 34 highly

772 1459 144 27 favorable
934 1461 68 25 both
1020 1466 31 21 to
1067 1462 46 25 the
1131 1462 108 33 college
1255 1463 55 24 and

770 1506 29 20 to
817 1502 48 24 the
884 1503 131 25 students

804 1542 50 27 It's
872 1552 15 17 a
904 1543 125 32 peculiar
1046 1544 84 33 thing
1146 1545 63 25 that
1227 1545 83 25 when

770 1592 36 17 an
834 1584 153 26 individual
1015 1585 22 25 is
1066 1586 179 33 approached
1272 1595 37 17 on

769 1625 67 25 such
859 1635 15 16 a
896 1626 111 32 subject
1029 1627 54 25 and
1106 1628 151 32 requested
1279 1632 31 21 to

768 1666 59 33 join
842 1667 49 25 the
906 1668 123 33 sodality
1043 1668 35 25 he
1092 1669 133 25 becomes
1239 1669 68 25 both

769 1716 79 25 wary
870 1708 55 25 and
947 1708 158 33 suspicious
1128 1710 54 25 and
1204 1710 104 25 directs

769 1749 43 25 his
831 1749 93 25 whole
943 1750 143 25 attention
1106 1755 30 21 to
1156 1751 120 33 making
1294 1760 15 17 a

770 1790 56 26 fast
849 1796 157 28 get-away,
1026 1800 31 17 as
1079 1791 22 25 if
1123 1792 33 26 he
1179 1791 23 27 is
1223 1792 87 33 being

769 1831 61 26 sold
865 1832 164 33 something
1063 1833 180 26 undesirable
1277 1843 33 16 or

768 1873 88 25 asked
871 1873 45 25 for
929 1883 15 16 a
958 1873 145 27 donation.
1125 1873 68 28 This
1208 1875 100 26 should

769 1919 49 21 not
837 1915 34 25 be
891 1915 48 25 the
958 1923 74 18 case.

802 1955 59 26 The
874 1962 163 20 movement
1051 1957 50 26 has
1114 1957 71 26 been
1198 1958 110 26 started

767 1997 84 32 again
866 1997 56 26 this
935 2006 77 24 year,
1027 1999 111 25 officers
1151 2000 72 25 have
1236 2000 72 25 been

768 2039 107 25 elected
898 2039 55 26 and
977 2039 218 34 semi-monthly
1218 2045 72 22 meet-

769 2080 61 32 ings
853 2089 49 16 are
926 2081 86 33 being
1034 2082 66 24 held
1123 2082 27 24 in
1172 2083 49 24 the
1243 2082 47 26 Col-

768 2121 61 34 lege
855 2122 113 33 Chapel.
1013 2121 78 28 Thus
1120 2123 44 26 far
1189 2124 48 25 the
1263 2128 25 21 at-

767 2163 137 26 tendance
935 2164 51 25 has
1016 2164 72 25 been
1118 2169 109 29 scanty,
1255 2166 51 25 but

767 2213 77 17 more
869 2205 160 33 propitious
1056 2206 103 26 results
1183 2216 49 16 are
1256 2216 32 16 an-

765 2246 143 33 ticipated.

801 2287 75 28 Let's
893 2293 49 28 get
959 2288 136 33 together
1111 2289 55 26 and
1181 2294 50 28 put
1248 2290 56 25 this

764 2329 83 32 thing
862 2338 106 17 across.
995 2330 25 25 It
1037 2338 52 17 can
1103 2331 35 25 be
1154 2332 80 30 done,
1250 2332 54 25 and

766 2370 67 26 with
853 2380 16 16 a
889 2371 73 26 little
982 2372 198 32 co-operation
1200 2381 35 17 on
1256 2374 47 25 the

764 2417 63 26 part
849 2412 31 25 of
902 2413 47 24 the
972 2413 131 26 students
1126 2414 20 25 it
1168 2414 71 26 shall
1261 2415 42 25 be.

767 2453 30 25 In
820 2453 56 26 the'
891 2453 55 26 end
969 2453 21 27 it
1015 2454 57 26 will
1096 2464 80 17 serve
1200 2460 31 21 to
1255 2465 32 17 en-

764 2494 88 26 hance
887 2495 48 25 the
970 2496 82 33 glory
1087 2497 30 24 of
1153 2497 150 33 Loyola

765 2536 122 33 through
918 2536 49 26 the
998 2546 153 17 numerous
1181 2539 119 26 benefit?

764 2583 174 28 consequent
964 2587 37 16 on
1027 2580 48 25 the
1101 2581 201 32 perpetuation

764 2619 30 25 of
817 2628 15 17 a
856 2624 82 28 great
962 2621 89 29 work,
1075 2621 55 25 and
1155 2621 75 26 since
1254 2622 48 26 the

763 2661 172 26 watchword
947 2662 22 25 is
1035 2662 122 26 Greater

764 2702 56 25 this
836 2702 22 26 is
874 2712 17 17 a
908 2703 146 26 favorable
1070 2705 186 33 opportunity
1272 2709 31 22 to

764 2743 79 26 show
862 2753 78 17 some
959 2745 88 32 spirit.

853 2830 67 20 OUR
944 2830 112 21 CHEER
1078 2832 134 21 LEADER

893 2892 49 24 (By
961 2893 90 23 Loyola
1070 2893 102 23 Co-Ed.)

793 2923 90 25 Loyola
894 2924 43 21 has
949 2932 14 13 a
975 2925 135 22 marvelous
1125 2925 101 23 football
1240 2930 62 18 team

765 2960 13 14 a
801 2954 45 22 fine
869 2954 82 22 school
975 2955 68 26 spirit
1065 2956 46 21 and
1133 2957 41 21 the
1198 2957 104 23 freshest

765 2984 26 21 of
806 2984 145 26 Freshmen;
966 2986 43 21 but
1024 2986 54 23 best
1092 2987 26 22 of
1132 2988 39 26 all,
1186 2995 44 14 our
1243 2987 45 23 Uni-

765 3015 90 27 versity
872 3016 81 22 boasts
970 3025 13 13 a
999 3017 72 22 cheer
1087 3018 87 26 leader,
1190 3019 54 22 who
1259 3020 43 21 has

766 3047 153 26 personality.
953 3047 46 23 Mr.
1018 3048 108 27 Dayries,
1146 3049 47 22 late
1211 3050 26 21 of
1254 3050 32 23 Tu-

767 3077 52 21 lane
839 3076 147 29 University,
1005 3086 55 15 now
1078 3080 66 22 lends
1165 3081 35 21 his
1220 3081 71 22 inesti-

766 3108 78 22 mable
866 3109 104 22 services
993 3114 25 18 to
1038 3110 41 22 the
1102 3110 154 24 furtherance
1278 3112 24 22 of

766 3147 53 19 pep,
844 3140 22 21 in
890 3141 41 22 the
955 3144 107 23 greatest
1087 3141 104 22 stadium
1214 3142 26 22 of
1263 3143 39 22 the

766 3170 83 24 South.

794 3202 106 27 Perhaps
921 3202 17 22 it
958 3202 19 23 is
998 3203 35 21 his
1055 3203 71 22 facial
1146 3205 156 26 contortions,

764 3233 76 22 which
857 3234 68 22 work
942 3235 41 21 the
1000 3235 78 25 magic
1095 3235 88 26 charm,
1201 3243 27 14 or
1245 3236 57 22 then

764 3265 76 25 again,
856 3265 17 21 it
888 3272 55 19 may
958 3266 29 21 be
1004 3273 12 14 a
1031 3266 67 22 voice
1115 3266 59 26 (like
1189 3270 58 19 unto
1262 3268 40 21 the

764 3296 47 22 late
834 3296 120 25 Caruso's,
977 3296 39 22 for
1038 3297 97 22 volume
1158 3297 18 22 if
1199 3301 42 18 not
1265 3298 37 22 for

1337 328 102 25 quality)
1462 328 76 21 which
1560 328 104 25 changes
1687 328 40 20 the
1748 329 63 18 most
1832 333 29 14 un-

1338 358 129 22 emotional
1503 362 123 22 spectator
1662 358 50 21 into
1733 365 13 14 a
1769 356 106 23 frenzied

1337 393 88 22 rooter,
1446 390 42 22 but
1506 390 123 22 whatever
1648 389 17 22 it
1685 389 25 26 is,
1729 389 17 21 it
1765 391 53 23 gets
1838 395 25 15 re-

1337 421 69 21 sults.

1365 451 47 21 Bill
1430 451 77 23 Smith
1525 451 56 22 does
1599 459 14 14 a
1631 450 150 28 spectacular
1797 450 35 22 bit
1849 450 26 22 of

1337 483 104 26 playing,
1457 483 46 22 and
1519 483 40 22 the
1574 483 69 22 heart
1657 482 27 22 of
1699 489 71 19 every
1785 482 77 25 colleg-

1337 514 37 21 ian
1399 514 118 26 responds
1541 514 57 22 with
1621 522 14 13 a
1657 512 128 27 satisfying
1808 512 64 22 thrill

1338 545 42 22 but
1405 545 17 22 it
1447 545 20 22 is
1493 545 101 27 Dayries
1618 545 55 22 who
1697 544 83 22 makes
1806 544 68 22 these

1337 577 78 22 thrills
1441 577 145 22 materialize
1613 577 50 21 into
1688 575 136 26 something
1849 583 25 14 as

1337 607 106 26 tangible
1462 616 25 13 as
1507 615 29 15 an
1556 607 83 23 Indian
1657 615 50 14 war
1723 607 94 26 whoop.

1364 638 52 22 One
1437 639 79 21 leaves
1536 638 39 23 the
1595 645 68 20 game
1683 638 76 22 which
1779 638 19 21 is
1818 644 42 15 usu-

1336 670 48 26 ally
1406 677 13 15 a
1442 671 90 25 Loyola
1554 670 98 26 victory,
1674 669 110 26 carrying
1806 676 67 18 away

1337 709 72 19 many
1432 702 164 26 impressions,
1619 701 40 22 the
1683 704 62 18 most
1768 699 63 22 vivid
1855 700 18 21 is

1337 732 52 22 that
1414 732 27 22 of
1467 740 30 14 an
1525 732 120 27 energetic
1670 732 70 22 cheer
1767 732 108 21 leader

1336 764 54 21 who
1408 764 64 22 since
1491 764 28 22 he
1538 763 94 22 intends
1652 766 24 19 to
1695 763 79 22 follow
1791 762 24 22 in
1833 763 40 21 the

1337 794 121 26 footsteps
1473 794 26 22 of
1514 795 97 21 Patrick
1625 794 90 26 Henry,
1728 793 76 27 might
1818 801 42 19 par-

1337 826 105 26 aphrase
1469 826 40 22 the
1537 826 91 22 latter's
1654 826 154 22 well-known
1835 832 25 15 re-

1336 857 76 25 mark,
1427 857 48 21 and
1491 856 96 27 repeat:
1692 864 37 14 me
1746 857 83 21 cheers
1846 863 28 15 or

1336 888 52 24 give
1404 895 37 14 me
1458 888 71 22 death

2042 360 249 42 Personals

2061 469 30 21 (J.
2102 468 24 22 C.
2137 468 141 22 Borrodale)

1927 515 79 22 When
2025 514 142 27 questioned
2183 512 109 27 recently
2307 512 32 26 by
2355 519 14 14 a
2385 519 53 18 way

1901 547 64 22 farer
1984 554 25 15 as
2029 550 26 18 to
2072 546 41 22 the
2132 544 103 23 location
2254 543 26 23 of
2297 544 41 21 the
2357 543 81 26 depot,

1901 578 97 26 Maggie
2017 577 73 23 Clark
2108 576 91 26 replied
2217 576 52 21 that
2287 575 17 22 it
2322 575 69 22 could
2408 574 29 22 be

1900 609 74 22 found
1994 609 64 21 close
2077 612 25 18 to
2122 608 40 22 the
2181 607 104 22 railroad
2302 606 90 22 tracks.

1925 672 61 25 Jack
2007 672 92 21 Barker
2117 674 76 18 wants
2212 674 26 17 to
2256 668 71 23 know
2344 668 55 23 who
2416 668 21 21 is

1899 703 52 22 that
1967 707 63 17 team
2047 702 85 22 named
2305 700 52 21 that
2375 699 47 24 Loy-

1898 735 39 21 ola
1951 735 67 26 plays
2034 733 136 22 November
2184 732 32 26 17,
2230 731 58 22 1923.
2320 730 73 27 Bring
2405 737 32 14 on

1899 766 39 21 the
1955 765 78 22 hook!

1926 827 70 22 Dixie
2010 827 92 22 Carroll
2117 825 91 23 doesn't
2222 833 31 18 go
2266 825 50 21 into
2330 823 90 28 Thomp-

1898 859 63 21 son's
1981 859 103 21 because
2104 857 48 22 he's
2172 856 160 22 left-handed.

1926 921 75 23 Goats
2025 920 46 22 and
2095 920 65 22 Owls
2185 919 38 22 for
2247 918 49 22 sale
2354 917 83 27 Apply

1898 952 93 23 Carroll
2012 952 20 22 &
2051 951 100 26 Craven,
2171 950 48 22 Inc.

1924 1015 45 22 Vic
1982 1014 131 24 Ledbetter
2126 1012 108 23 received
2247 1020 14 14 a
2273 1011 91 22 serious
2374 1011 62 22 burn

1898 1046 62 21 from
1979 1046 105 21 carbolic
2101 1044 52 22 acid
2171 1044 68 22 while
2257 1044 81 26 trying
2355 1047 26 18 to
2398 1049 26 15 re-

1897 1084 69 15 move
1985 1077 40 22 the
2045 1080 72 19 warts
2137 1083 30 15 on
2188 1083 12 14 a
2220 1075 85 26 pickle.

1924 1140 44 25 Joe
1992 1138 142 26 Tuminello,
2157 1138 56 22 bass
2237 1138 60 21 horn
2321 1137 115 25 virtuoso,

1898 1171 42 22 has
1966 1171 61 22 been
2053 1169 128 27 requested
2205 1172 26 19 to
2255 1169 57 26 play-

1896 1202 80 22 where

1925 1265 72 22 Little
2017 1264 79 23 Willie
2115 1263 63 22 after
2197 1262 125 25 attending
2340 1269 13 14 a
2372 1262 48 25 Loy-

1896 1296 39 21 ola
1958 1295 102 22 football
2081 1301 69 19 game
2173 1293 38 22 for
2233 1294 40 21 the
2296 1293 53 21 first
2370 1292 65 26 time,

1897 1326 84 22 before
2002 1326 73 27 going
2095 1330 26 18 to
2142 1326 46 21 bed
2210 1325 67 22 knelt
2298 1325 68 21 down
2388 1324 47 21 and

1897 1358 90 26 prayed
2009 1358 69 22 thus:

2035 1388 51 22 God
2102 1387 64 22 bless
2183 1395 37 19 pa,

2037 1418 52 23 God
2105 1419 65 22 bless
2186 1425 46 18 ma,

2034 1450 51 23 God
2101 1450 63 21 bless
2181 1449 96 26 Loyola,

2035 1482 59 26 Rah,
2114 1481 59 26 Rah,
2193 1481 64 27 Rah!

1924 1545 44 25 No,
1991 1545 115 25 Hartson,
2128 1543 99 22 Manual
2250 1543 79 23 Labor
2349 1543 20 21 is
2392 1546 41 17 not

1896 1584 13 14 a
1930 1576 120 22 Mexican.

1923 1638 67 26 They
2003 1645 42 19 say
2058 1638 52 22 that
2125 1637 29 22 H.
2167 1636 93 23 Gaudet
2273 1636 19 22 is
2305 1643 28 15 so
2345 1636 87 22 absent

1896 1669 95 22 minded
2026 1669 53 21 that
2101 1669 41 21 the
2164 1668 70 22 other
2270 1668 111 25 morning
2403 1668 29 20 he

1897 1701 91 26 poured
2022 1707 79 15 cream
2134 1707 58 14 over
2232 1699 35 21 his
2295 1699 62 22 head
2383 1698 48 22 and

1896 1731 125 23 scratched
2040 1732 40 21 the
2101 1730 97 23 berries.

2036 1795 72 20 After
2127 1794 76 20 Math.
2222 1794 67 20 Class

1924 1825 141 22 Professor:
2112 1824 64 26 Why
2200 1824 74 26 hurry
2297 1828 26 17 to
2347 1823 85 26 lunch;

1896 1856 63 22 don't
1982 1863 46 20 you
2051 1857 70 21 know
2144 1856 51 22 that
2217 1856 39 21 the
2279 1856 83 25 longer
2385 1861 47 20 you

1896 1889 59 25 keep
1974 1888 61 21 from
2052 1887 81 25 eating
2149 1887 39 21 the
2206 1887 79 21 better
2299 1894 48 18 you
2365 1885 62 22 feel?

1924 1919 88 21 Muller
2034 1919 42 25 (on
2094 1918 41 22 the
2154 1916 78 28 side):
2269 1917 10 21 I
2297 1917 98 22 wonder
2413 1916 19 22 if

1894 1949 72 23 that's
1986 1950 65 22 what
2070 1949 69 23 made
2160 1949 138 26 McSwiney
2316 1948 47 22 feel
2383 1948 48 22 like

1894 1989 30 14 an
1943 1981 69 26 angel
2031 1981 64 22 after
2113 1981 36 21 his
2167 1981 93 25 hunger
2279 1979 90 22 strike?

1922 2041 142 24 Professor:
2084 2043 138 22 Starvation
2242 2043 19 21 is
2281 2049 46 15 one
2344 2041 27 23 of
2389 2042 42 22 the

1892 2078 109 23 greatest
2020 2074 102 22 benefits
2141 2077 26 19 to
2184 2074 89 22 health.

1921 2106 113 22 O'Keeke
2051 2104 132 28 (waking):
2200 2105 10 21 I
2224 2104 98 23 wonder
2336 2104 17 22 if
2369 2104 46 22 Rus-

1893 2137 33 22 sia
1942 2137 81 22 thinks
2041 2137 59 25 that,
2115 2137 57 22 too?

1923 2200 45 21 Mr.
1994 2199 53 27 Guy
2073 2199 108 21 Bernard
2207 2198 19 22 is
2252 2198 127 27 requested
2405 2202 26 18 to

1892 2238 64 15 wear
1980 2238 32 15 011
2038 2230 94 27 Friday,
2157 2230 137 22 November
2321 2230 31 26 16,
2377 2230 52 22 that

1892 2262 109 27 precious
2025 2262 61 22 little
2107 2262 84 21 article
2213 2261 26 22 of
2260 2261 106 25 wearing
2387 2268 28 19 ap-

1892 2294 65 25 parel
1974 2293 51 21 that
2041 2293 42 21 has
2099 2293 82 21 struck
2196 2292 41 22 the
2251 2300 43 19 eye
2310 2292 26 22 of
2350 2299 80 19 many.

1892 2325 21 21 A
1938 2325 92 26 dapper
2056 2324 61 22 little
2143 2324 92 21 knitted
2261 2323 169 22 four-in-hand

1891 2356 38 25 tie,
1942 2356 56 22 with
2012 2356 76 25 black,
2100 2355 71 22 white
2183 2355 47 22 and
2243 2355 84 26 purple
2341 2354 86 26 stripes

1891 2388 19 21 is
1928 2387 40 22 the
1985 2386 88 27 object.
2105 2386 22 22 If
2143 2386 53 27 Guy
2211 2386 47 22 will
2275 2386 30 22 be
2323 2393 26 15 so
2365 2386 64 26 good

1891 2426 26 15 as
1933 2422 25 18 to
1974 2419 96 25 comply
2085 2419 56 21 with
2158 2425 43 14 our
2217 2420 103 23 request,
2336 2418 28 21 he
2380 2417 47 22 will

1891 2450 87 26 satisfy
1996 2450 40 21 the
2053 2456 71 19 many
2141 2449 138 25 inquisitors
2296 2449 55 22 who
2367 2449 61 21 have

1901 2481 60 21 been
1988 2480 98 27 asking:
2220 2480 18 22 is
2266 2480 39 22 the
2333 2480 95 26 worthy

1890 2513 138 25 gentleman
2046 2512 57 22 with
2123 2513 40 21 the
2183 2518 56 20 rosy
2257 2512 95 25 cheeks,
2370 2511 58 26 pink

1891 2551 55 17 eyes
1966 2543 47 22 and
2034 2550 90 18 copper
2145 2543 96 22 colored

182 220 224 49 2

886 244 72 28 THE
982 244 174 29 MAROON,
1178 244 219 29 THURSDAY,
1419 244 217 28 NOVEMBER
1661 244 20 29 1,
1706 244 64 25 1923

360 371 229 64 THE
638 370 513 65 MAROON

706 479 101 21 STAFF

258 520 138 23 HAROLD
412 520 28 22 A.
456 520 162 23 DEMPSEY
1047 520 85 23 Editor
1148 520 22 22 in
1186 519 70 23 Chief

259 576 114 23 PHILIP
376 548 22 22 A
401 576 110 23 CLARK
513 548 16 22 Y
572 547 10 56 }
986 562 114 22 Business
1125 562 130 26 Managers

258 603 160 24 GARDERE
436 603 118 24 MOORE
1040 603 116 27 Sporting
1172 603 84 23 Editor

259 660 154 23 MAURICE
436 660 164 26 HARTSON,
621 660 34 26 Jr.
684 630 11 57 }
949 645 157 26 Advertising
1126 646 130 25 Managers

560 705 229 21 DEPARTMENT
811 705 142 20 EDITORS

369 732 133 24 GEORGE
518 732 275 26 SCHOENBERGER,
805 732 28 26 Jr
925 732 45 22 Art
985 733 47 22 and
1048 732 98 23 Science

369 761 116 24 LESLIE
513 761 136 24 LANDRY
1011 761 134 25 Pharmacy

369 789 199 23 ROSENBERG
896 806 12 4 -
990 792 8 18 :
1058 789 87 21 Dental

368 817 154 23 STEPHEN
545 817 25 22 C.
593 816 135 23 HARTEL
1091 817 55 23 Law

615 869 150 21 FACULTY
778 868 148 22 ADVISOR

579 903 72 24 REV.
668 903 25 22 F.
708 902 153 27 JANSSEN,
877 902 23 24 S.
916 903 21 26 J.

313 963 132 21 Published
465 962 70 22 twice
557 970 73 19 every
651 962 83 22 month
756 962 84 26 during
861 962 41 22 the
926 962 135 22 Scholastic
1082 969 58 20 year
1162 962 31 27 by
1214 962 42 22 the

257 998 115 23 Students
389 997 26 22 of
431 997 93 27 Loyola
540 996 148 27 University,
705 997 58 22 New
779 996 109 26 Orleans,
906 997 42 23 La.

311 1056 108 22 Address
444 1056 30 22 all
499 1056 210 26 correspondence
732 1059 25 19 to
780 1055 52 22 The
858 1056 111 26 Maroon,
993 1056 92 27 Loyola
1109 1056 147 27 University,

257 1093 59 21 New
334 1092 111 25 Orleans,
464 1092 40 23 La.

401 1150 112 32 FOR
535 1150 40 32 A
598 1150 257 32 GREATER
877 1150 230 32 LOYOLA

1335 958 160 20 OFFICERS
1513 958 42 20 OF
1572 958 87 20 FOUR

1510 988 247 20 DEPARTMENTS
1779 988 94 20 MEET

1423 1051 148 24 (Continued
1590 1051 62 20 from
1672 1051 65 24 Page
1757 1051 26 24 1.)

1646 2753 76 51 G.
1764 2755 98 50 W.
1908 2755 203 50 GILL

1719 2830 66 26 7025
1809 2831 101 26 Freret
1934 2831 96 26 Street

1514 2905 59 26 is
1587 2914 53 17 our
1654 2904 123 34 Campus
1793 2907 244 32 Representative.
2075 2909 44 25 He
2134 2909 99 26 knows

1515 2947 37 25 all
1570 2947 88 25 about
1676 2948 171 33 everything
1864 2953 29 21 at

1679 3255 126 27 CANAL
1818 3260 29 22 at
1859 3257 203 25 CHARTRES
