2619 3510
263 293 589 169 THE
1022 293 1322 169 MAROON

595 505 236 29 DEVOTED
863 505 68 28 TO
962 505 99 28 THE
1093 505 260 28 INTERESTS
1384 505 67 28 OF
1482 505 205 29 LOYOLA
1719 506 293 28 UNIVERSITY

177 610 100 31 VOL.
304 611 13 29 1

701 610 99 31 NEW
823 610 213 36 ORLEANS,
1060 610 76 36 LA.,
1158 610 253 37 THURSDAY,
1435 610 245 31 NOVEMBER
1706 611 88 36 15th,
1820 612 88 30 1923

2324 611 58 30 No.
2410 612 19 29 2

191 712 244 44 WOLVES
475 712 282 43 OUTPLAY
793 712 281 45 DOCTORS

453 776 62 41 IN
562 776 204 42 GREAT
813 775 332 44 SCORELESS
1193 777 97 40 TIE

381 872 39 24 (G.
437 872 97 24 Moore)

216 911 110 26 Loyola's
346 911 99 22 Wolves
465 918 53 15 won
538 911 42 22 the
601 911 80 22 hearts
702 912 24 22 of

187 942 60 22 New
266 942 102 22 Orleans
388 942 54 22 fans
461 943 47 21 and
526 943 41 22 the
586 947 96 22 respect
701 944 25 21 of

187 973 41 21 the
244 973 77 22 entire
340 973 75 23 South
433 973 71 22 when
521 974 22 21 in
561 974 41 22 the
619 977 107 23 greatest

187 1004 77 22 battle
284 1005 53 22 that
356 1005 44 22 has
421 1005 62 22 been
504 1012 56 15 seen
580 1012 31 15 on
631 1013 13 14 a
665 1005 60 22 local

185 1035 108 25 gridiron
305 1035 23 22 in
341 1043 72 19 many
425 1043 13 14 a
450 1043 65 19 year,
527 1036 59 26 they
596 1036 130 27 outplayed

186 1065 159 23 Tennessee's
369 1066 146 22 undefeated
540 1067 104 22 Doctors
668 1067 23 22 in
713 1075 13 14 a

185 1097 40 22 0-0
247 1097 39 23 tie.
322 1097 48 23 For
392 1098 41 22 the
457 1098 52 22 first
531 1098 58 22 time
612 1099 23 21 in
658 1099 68 22 three

185 1136 78 18 years,
285 1129 42 21 the
349 1128 118 27 powerful
490 1128 139 23 Tennessee
652 1130 74 22 backs

187 1159 72 22 failed
274 1163 25 18 to
315 1167 67 14 cross
398 1167 29 14 an
443 1160 144 26 opponent's
603 1160 62 26 goal,
680 1161 46 21 and

184 1191 58 25 only
261 1191 93 21 several
374 1191 64 22 cruel
458 1191 48 22 bits
526 1191 26 22 of
572 1191 97 23 fortune
688 1191 38 23 for

187 1221 41 22 the
255 1222 100 22 Wolves
382 1223 73 21 saved
482 1223 66 21 them
575 1222 62 22 from
664 1224 62 21 their

187 1253 52 22 first
258 1253 81 22 defeat
359 1253 22 22 in
400 1253 53 22 that
471 1253 83 27 length
573 1253 26 22 of
617 1254 64 22 time.

215 1284 80 22 Pitted
333 1284 95 26 against
454 1292 13 14 a
492 1288 63 19 team
594 1286 53 21 that
672 1289 40 18 out-

184 1314 110 26 weighed
319 1315 73 26 them,
417 1315 104 27 battling
546 1316 94 26 against
664 1316 60 22 odds

184 1346 53 21 that
273 1347 96 21 seemed
405 1347 215 26 insurmountable,
655 1348 71 21 those

185 1376 100 23 Wolves
309 1377 84 25 waged
415 1385 14 14 a
451 1378 75 22 battle
549 1379 52 21 that
624 1378 48 23 will
694 1386 31 18 go

185 1408 69 21 down
275 1415 24 15 as
320 1415 46 15 one
384 1408 27 22 of
430 1409 40 21 the
488 1413 107 22 greatest
615 1409 96 22 achieve-

184 1442 78 18 ments
283 1439 22 21 in
325 1439 110 26 Loyola's
456 1439 103 23 football
579 1440 98 27 history.
704 1441 20 22 It

184 1477 49 14 was
257 1469 184 27 heart-rending
462 1474 25 18 to
509 1479 40 14 see
571 1472 71 21 those
663 1479 46 15 war-

185 1501 60 21 riors
269 1501 113 26 deprived
405 1502 27 21 of
454 1509 13 15 a
489 1502 145 22 touchdown
657 1502 32 27 by
711 1510 13 14 a

186 1531 78 26 costly
290 1532 91 22 fumble
408 1532 64 22 after
498 1533 144 27 completely
669 1537 41 19 out-

184 1562 99 27 playing
297 1563 41 22 the
353 1563 84 27 highly
451 1564 84 21 touted
552 1564 93 22 Medics
662 1564 62 22 from

186 1594 129 26 Memphis.
351 1595 47 21 But
418 1595 52 22 that
492 1595 65 22 cruel
577 1595 76 23 break
673 1603 50 15 was

184 1631 66 15 more
276 1625 57 21 than
359 1626 89 21 atoned
473 1625 39 22 for
536 1626 32 26 by
592 1627 39 21 the
656 1627 67 22 thrill

183 1656 76 21 which
280 1656 41 22 the
342 1656 98 22 Wolves
460 1664 60 18 gave
541 1664 72 20 every
632 1657 92 27 Loyola

183 1691 129 21 supporter
332 1688 67 21 when
420 1688 57 26 they
497 1689 69 21 stood
584 1689 58 21 with
661 1689 63 22 their

184 1718 74 21 backs
279 1722 25 17 to
324 1718 40 21 the
382 1719 55 25 goal
458 1719 46 21 and
524 1719 107 26 repelled
652 1727 71 18 every

183 1749 91 25 mighty
289 1750 88 25 charge
392 1750 26 21 of
432 1750 39 22 the
487 1750 139 22 Tennessee
642 1750 81 27 backs,

183 1780 54 22 who
261 1781 46 20 had
330 1784 41 18 not
396 1781 60 21 been
481 1782 103 25 stopped
608 1781 23 22 in
654 1782 69 21 three

183 1811 60 22 hard
261 1818 106 15 seasons.

211 1842 61 21 That
300 1843 93 25 picture
419 1842 26 22 of
472 1843 52 21 Phil
551 1843 90 26 White,
667 1850 42 15 can-

183 1873 79 22 didate
280 1873 38 21 for
334 1881 31 14 an
381 1873 183 23 All-American
581 1875 77 25 berth,
676 1875 35 21 hit-

183 1904 51 26 ting
253 1911 13 15 a
285 1905 96 22 banked
399 1912 32 19 up
451 1905 47 22 line
517 1906 47 21 and
583 1905 95 22 instead
697 1905 26 22 of

182 1935 73 25 going
278 1935 111 26 forward,
412 1936 113 26 shooting
548 1937 105 26 upward,
675 1937 46 22 will

183 1966 45 22 live
250 1965 88 28 vividly
360 1967 23 21 in
408 1967 109 26 Loyola's
540 1974 108 20 memory
673 1967 37 23 for-

182 2004 62 15 ever.
275 1997 95 23 Unable
387 2001 24 19 to
427 1999 55 25 gain
499 1999 104 26 through
621 1999 41 22 the
679 1999 28 22 im-

182 2028 125 26 pregnible
331 2029 46 22 line
399 2029 27 22 of
446 2030 42 21 the
510 2030 107 25 Wolves,
641 2030 81 22 White

182 2059 54 22 shot
255 2067 12 14 a
287 2060 56 26 long
362 2067 55 20 pass
436 2064 25 18 to
480 2060 80 24 Leake
578 2061 55 22 who
652 2061 70 22 raced

182 2094 25 19 to
227 2091 110 27 Loyola's
357 2092 127 26 nine-yard
504 2092 46 22 line
570 2092 23 22 in
614 2092 40 22 the
675 2092 46 23 last

181 2126 104 22 quarter.
321 2122 79 23 Three
423 2123 35 21 off
480 2124 79 21 tackle
583 2124 84 25 lunges
691 2124 31 26 by

182 2153 57 22 Sam
261 2153 95 26 Raines,
379 2153 90 22 former
491 2155 162 26 Washington
675 2155 46 21 and

181 2185 47 22 Lee
242 2188 57 21 star,
311 2185 47 21 and
371 2186 52 21 Doc
437 2185 111 26 Sanders,
560 2186 54 22 who
628 2186 94 22 starred

182 2215 38 22 for
239 2216 40 21 the
298 2216 79 22 Texas
396 2216 91 26 Aggies
506 2217 23 22 in
548 2218 62 21 their
629 2217 92 26 victory

180 2254 59 15 over
251 2247 87 22 Centre
353 2252 48 17 two
413 2255 70 19 years
497 2256 52 19 ago,
563 2253 41 22 put
619 2249 39 21 the
673 2248 47 22 ball

180 2286 31 14 on
230 2279 110 26 Loyola's
359 2280 119 25 one-yard
496 2280 47 21 line
561 2280 47 22 and
625 2283 37 19 set
680 2280 41 22 the

181 2316 70 15 scene
277 2309 39 22 for
340 2310 103 22 White's
467 2310 93 27 mighty
584 2311 43 22 but
653 2311 67 22 futile

181 2341 96 26 plunge.

209 2372 92 21 Harold
322 2372 108 26 Winling
451 2372 120 23 inscribed
593 2373 36 22 his
652 2380 68 15 name

182 2409 89 20 among
296 2402 110 27 Loyola's
434 2403 133 22 immortals
603 2404 48 22 vith
679 2404 40 22 the

179 2437 109 22 greatest
303 2435 133 21 exhibition
450 2435 26 21 of
492 2435 102 22 football
610 2435 53 22 that
677 2435 42 22 has

180 2465 61 22 been
260 2465 125 26 displayed
403 2466 32 26 by
452 2473 47 19 any
516 2466 62 22 back
597 2467 56 21 here
672 2466 47 22 this

180 2503 94 15 season.
310 2496 27 22 In
359 2504 73 19 every
452 2497 63 26 play,
536 2497 93 26 cutting
651 2497 68 22 down

179 2527 169 26 interference,
363 2528 104 26 backing
481 2535 31 19 up
526 2529 42 21 the
584 2529 53 25 line,
652 2529 54 25 gain-

179 2558 41 26 ing
233 2558 57 22 with
305 2559 105 22 brilliant
426 2559 116 26 plunging
556 2559 47 22 and
617 2559 103 26 running

179 2589 47 22 and
241 2589 102 28 topping
357 2590 18 22 it
388 2590 33 22 all
435 2590 57 22 with
507 2598 13 14 a
535 2590 128 22 masterful
679 2598 27 15 ex-

178 2621 102 22 hibition
296 2621 27 22 of
339 2622 109 25 punting,
465 2621 109 27 Winling
590 2622 71 22 stood
677 2625 42 19 out

178 2659 59 14 over
252 2659 13 14 a
280 2656 69 22 great
365 2652 75 26 squad
454 2652 27 22 of
497 2652 102 23 football
616 2653 103 26 players,

179 2683 126 26 Saturday.

206 2714 53 22 One
281 2714 26 22 of
328 2715 42 22 the
390 2718 64 19 most
477 2716 152 25 spectacular
651 2715 67 26 plays

178 2744 27 22 of
217 2745 40 22 the
270 2752 69 20 game
352 2753 50 14 was
415 2745 100 23 worked
527 2746 32 26 by
573 2747 40 21 the
628 2746 90 26 Loyola

179 2776 109 22 fullback
301 2777 23 21 in
337 2777 42 22 the
393 2777 57 22 final
465 2781 104 22 quarter.
583 2777 37 22 On
635 2784 13 15 a
662 2777 56 22 fake

178 2807 55 22 kick
249 2807 129 22 formation
393 2808 30 22 he
438 2811 52 19 tore
506 2808 92 22 around
613 2808 43 22 left
672 2808 46 22 end

178 2839 46 21 and
241 2839 71 21 raced
329 2839 70 21 down
416 2839 42 22 the
475 2839 55 22 field
548 2839 38 22 for
603 2839 26 22 70
645 2840 72 26 yards

178 2869 84 23 before
286 2871 72 26 being
381 2870 106 22 downed.
537 2871 118 26 Winling'
667 2878 50 15 was

178 2901 77 22 called
275 2901 62 22 back
355 2900 26 23 35
400 2901 70 26 yards
492 2901 32 26 by
542 2901 101 27 Umpire
664 2902 36 22 Ma-

178 2931 77 27 loney,
268 2932 54 22 who
336 2932 101 22 claimed
450 2932 53 22 that
516 2933 30 21 he
560 2933 103 26 stepped
675 2937 43 18 out

177 2962 26 22 of
221 2963 100 23 bounds.
352 2964 52 21 The
421 2964 99 26 umpire,
538 2964 54 22 who
609 2971 49 15 was
676 2967 41 19 not

177 3000 59 15 near
250 2994 40 22 the
306 2995 93 26 Loyola
413 2995 69 25 back,
498 2995 96 21 seemed
609 2995 70 21 alone
694 2995 22 21 in

177 3024 36 22 his
228 3025 70 22 claim
310 3026 55 22 that
377 3026 109 26 Winling
498 3026 48 22 had
560 3026 102 26 stepped
675 3029 42 18 out

177 3055 26 21 of
223 3055 101 24 bounds.

205 3086 70 22 Head
298 3087 116 22 linesman
439 3087 131 26 Schwartz,
592 3087 54 22 who
670 3087 35 21 fol-

178 3116 75 22 lowed
277 3118 106 26 Winling
406 3120 69 21 down
498 3120 40 21 the
562 3119 53 25 line,
639 3125 77 15 seems

177 3147 40 22 the
233 3155 46 14 one
294 3149 54 21 who
364 3150 87 22 should
466 3150 61 22 have
543 3150 69 22 ruled
627 3157 32 14 on
675 3150 41 21 the

177 3178 56 27 play
246 3180 47 21 and
306 3179 131 29 Schwartz,
451 3180 93 23 backed
559 3188 30 19 up
603 3180 33 27 by
648 3187 51 15 num-

178 3216 69 15 erous
266 3210 83 22 others
368 3218 31 15 on
418 3212 42 22 the
480 3212 51 22 side
550 3212 67 26 lines,
637 3212 79 22 stated

178 3241 50 22 chat
245 3241 40 22 the
302 3241 90 27 Loyola
408 3242 62 22 back
486 3243 39 21 did
541 3247 40 17 not
598 3247 53 22 step
667 3247 48 17 out.

752 862 183 41 Dances
956 861 246 42 Entertain

810 923 224 43 Students
1051 923 50 42 of
1118 923 175 58 Loyola

852 1018 71 26 (Geo.
944 1018 25 23 C.
990 1018 195 27 Schoenberger)

887 1060 50 23 just
959 1061 71 18 listen
1051 1061 27 18 to
1099 1058 52 21 that

862 1088 68 26 Tom,
945 1088 124 22 introduce
1085 1095 37 15 me
1138 1092 25 18 to
1178 1089 53 21 that
1247 1088 42 27 girl

750 1126 46 20 you
814 1127 63 15 were
894 1119 51 27 just
962 1120 104 26 dancing

777 1150 80 23 These
868 1151 48 21 and
927 1158 72 19 many
1012 1151 69 22 other
1094 1151 56 22 such
1163 1151 126 22 outbursts

751 1182 69 21 could
838 1181 30 22 be
885 1182 75 21 heard
977 1186 24 17 at
1019 1182 41 21 the
1078 1182 91 27 Loyola
1186 1189 57 20 gym
1260 1190 29 14 on

750 1213 40 22 the
814 1213 80 26 nights
918 1213 27 22 of
968 1213 126 27 Saturday,
1118 1213 137 23 November
1278 1214 11 21 3

750 1244 46 21 and
809 1244 139 22 November
961 1244 31 26 10,
1005 1252 25 14 as
1044 1252 12 14 a
1068 1245 88 26 happy,
1169 1244 120 26 laughing,

750 1275 107 27 swaying
877 1275 79 22 crowd
977 1275 27 22 of
1023 1275 78 27 joyful
1122 1276 88 26 youths
1232 1276 57 26 kept

750 1306 57 22 time
830 1310 26 18 to
879 1307 42 21 the
944 1307 132 25 throbbing
1100 1307 75 22 music
1199 1307 26 22 of
1249 1307 40 23 the

750 1337 123 27 pulsating
893 1338 88 21 strains
1003 1338 26 21 of
1049 1338 60 26 jazz.

776 1368 52 23 The
845 1369 51 22 first
912 1369 28 22 of
955 1369 68 22 these
1039 1373 48 18 two
1103 1369 128 26 delightful
1249 1377 26 14 en-

749 1400 169 22 tertainments
942 1408 49 14 was
1015 1400 70 26 given
1110 1401 31 26 by
1164 1401 41 21 the
1232 1401 42 21 Pre-

751 1431 55 22 law
817 1431 62 21 class
891 1431 47 21 and
949 1431 100 22 marked
1061 1431 41 22 the
1116 1431 85 22 formal
1214 1439 60 19 open-

749 1462 40 25 ing
814 1462 26 22 of
866 1462 41 22 the
933 1469 57 19 gym
1015 1463 76 22 which
1117 1463 49 22 will
1192 1463 29 22 be
1248 1463 40 22 the

749 1501 70 14 scene
840 1493 28 22 of
889 1501 12 14 a
923 1494 75 21 series
1020 1494 27 21 of
1067 1494 57 22 such
1147 1494 140 26 gatherings

748 1524 148 27 throughout
917 1525 40 21 the
978 1525 76 22 entire
1075 1525 130 22 scholastic
1224 1533 64 18 year.

749 1555 21 21 A
797 1555 47 22 fine
871 1556 80 22 crowd
977 1563 49 15 was
1054 1556 149 27 presentin
1232 1556 56 26 fact,

747 1585 49 28 just
810 1587 40 21 the
864 1587 63 25 right
943 1587 64 22 sized
1022 1587 155 26 crowdjust
1192 1588 94 25 enough

748 1621 25 18 to
791 1618 71 22 make
880 1618 41 22 the
940 1618 75 22 dance
1034 1626 12 14 a
1066 1625 95 15 success
1180 1618 47 22 and
1246 1623 41 17 not

747 1656 27 14 so
790 1656 72 19 many
878 1656 25 15 as
920 1653 25 18 to
962 1650 68 21 make
1048 1650 40 22 the
1103 1650 49 21 hall
1170 1650 116 22 crowded.

774 1679 51 22 The
845 1680 64 22 Owls
931 1680 125 22 furnished
1077 1680 40 22 the
1137 1680 76 22 music
1233 1681 54 24 and,

747 1711 93 22 believe
853 1717 45 19 me,
913 1711 58 27 they
985 1718 54 15 sure
1054 1718 44 15 can
1219 1711 68 27 They

749 1742 56 25 kept
822 1749 30 19 up
870 1742 41 21 the
926 1749 47 19 pep
989 1743 46 21 and
1051 1742 41 22 life
1108 1742 26 22 of
1149 1743 41 22 the
1206 1743 80 22 crowd

747 1772 59 22 until
824 1773 39 21 the
879 1780 59 19 very
955 1773 46 21 last
1019 1777 53 23 step
1089 1774 47 21 and
1152 1781 74 19 every
1241 1781 46 14 one

748 1804 43 22 left
818 1804 84 26 saying
926 1805 30 21 he
981 1805 47 21 had
1052 1805 42 22 the
1117 1805 58 22 time
1199 1805 27 22 of
1249 1805 38 22 his

747 1834 49 23 life.

774 1866 51 22 The
842 1866 88 22 second
947 1866 76 22 dance
1038 1874 48 14 was
1104 1867 134 27 sponsored
1255 1867 32 27 by

747 1898 39 21 the
807 1897 102 23 Student
928 1898 173 25 Organization
1120 1898 26 22 of
1164 1899 41 22 the
1223 1898 48 23 Aca-

747 1928 75 22 demic
837 1929 153 25 department
1005 1929 53 25 and,
1074 1929 46 22 like
1136 1929 59 25 first,
1209 1937 49 14 was
1273 1937 13 14 a

747 1960 60 25 huge
823 1967 103 15 success.
955 1960 58 22 This
1028 1960 56 22 time
1100 1960 57 27 king
1170 1961 53 27 jazz
1237 1968 48 14 was

747 1991 85 22 served
850 1991 31 26 by
899 1992 41 21 the
958 1991 111 27 Humpty
1086 1992 135 26 Dumpties,
1239 1992 47 22 and

747 2021 62 22 from
827 2022 40 21 the
887 2023 60 21 keen
966 2022 75 22 music
1059 2023 58 26 they
1135 2023 86 26 played
1239 2023 46 22 and

746 2054 39 21 the
803 2054 80 21 clever
899 2054 75 22 antics
992 2054 52 22 that
1061 2054 57 27 they
1133 2061 31 19 go
1180 2054 103 26 through

746 2084 22 21 in
785 2085 133 25 producing
935 2085 24 24 it,
976 2085 68 22 there
1061 2085 18 22 is
1097 2092 31 15 no
1144 2085 98 22 wonder
1258 2092 25 15 as

745 2119 25 18 to
791 2115 54 22 how
864 2116 59 26 they
944 2123 57 14 earn
1020 2116 63 21 their
1103 2123 76 15 name.

773 2146 51 23 One
847 2147 69 25 thing
937 2148 53 21 that
1012 2154 48 15 was
1083 2148 95 21 noticed
1200 2148 32 26 by
1253 2148 30 22 all

744 2185 48 14 was
819 2178 41 21 the
885 2178 124 25 congenial
1034 2179 136 26 sociability
1194 2178 26 22 of
1244 2179 40 22 the

744 2208 141 27 gatherings
902 2213 24 18 at
943 2209 58 22 both
1019 2209 93 22 dances.
1142 2209 78 22 There
1235 2217 48 14 was

746 2247 13 14 a
785 2243 63 19 most
875 2240 73 22 select
976 2241 80 22 crowd
1082 2244 105 23 present,
1214 2241 71 25 being

745 2271 130 26 composed
893 2270 27 22 of
936 2271 40 22 the
995 2271 92 27 college
1105 2275 37 19 set
1159 2272 47 22 and
1221 2272 64 22 their

747 2301 97 23 friends.

771 2332 52 23 The
845 2333 102 23 football
968 2334 96 26 players
1084 2334 27 22 of
1132 2334 40 22 the
1192 2334 93 26 varsity

744 2363 47 22 and
805 2363 133 23 Freshmen
954 2365 96 26 squads,
1063 2373 26 14 as
1105 2365 52 22 well
1172 2373 27 14 as
1212 2365 72 22 those

744 2395 26 21 of
789 2396 40 21 the
848 2396 97 26 visiting
963 2400 71 22 team,
1051 2403 63 15 were
1133 2396 152 22 entertained

744 2433 25 14 as
785 2430 83 21 guests
885 2430 24 19 at
926 2427 58 22 both
1002 2428 96 22 dances.

742 2501 187 22 CENTENARY
945 2503 71 20 MAY
1032 2503 81 20 PLAY

868 2537 127 21 LOYOLA
1011 2538 42 20 ON
1069 2538 167 20 DECEMBER
1254 2540 28 19 10

918 2595 68 25 (Gar.
1008 2596 97 24 Moore)

768 2632 23 22 A
811 2633 90 22 chance
923 2633 39 22 for
981 2634 91 26 Loyola
1092 2637 24 18 to
1136 2634 84 22 obtain
1239 2642 29 14 na-

741 2663 75 22 tional
838 2665 149 25 recognition
1008 2671 55 20 may
1084 2672 67 15 come
1173 2665 65 27 early
1259 2665 22 22 in

742 2695 136 22 December
898 2695 19 22 if
937 2696 160 25 negotiations
1119 2695 39 23 for
1178 2704 14 14 a
1211 2704 71 18 game

741 2726 55 22 with
818 2726 35 22 Bo
873 2726 149 22 McMillan's
1042 2731 84 22 strong
1144 2726 138 27 Centenary

741 2759 64 19 team
823 2764 40 15 are
884 2758 143 26 completed.
1059 2757 156 27 Centenary's
1235 2759 46 21 fine

741 2787 110 27 showing
870 2788 23 22 in
912 2789 41 21 the
973 2788 58 24 East
1049 2789 81 22 where
1149 2789 58 26 they
1225 2789 56 22 held

742 2819 93 22 Boston
853 2819 99 27 College
969 2823 26 19 to
1012 2823 49 19 two
1078 2820 156 22 touchdowns
1254 2827 26 15 as

741 2850 52 22 well
807 2858 26 14 as
846 2851 42 21 the
900 2854 68 22 great
981 2850 27 22 of
1020 2851 41 21 the
1073 2850 150 26 Gentlemen,
1237 2851 43 22 has

741 2881 68 22 made
824 2881 67 22 them
904 2882 54 22 well
975 2881 87 23 known
1077 2881 124 22 wherever
1216 2881 52 23 foot-

741 2912 49 22 ball
809 2912 20 22 is
849 2913 92 26 played.

768 2943 91 26 Loyola
873 2943 100 22 athletic
987 2943 141 22 authorities
1143 2944 61 21 have
1217 2943 62 22 been

741 2974 123 26 dickering
884 2974 38 22 for
942 2982 14 14 a
975 2981 70 20 game
1065 2974 56 22 with
1143 2974 137 28 Centenary

741 3004 38 22 for
795 3012 13 14 a
825 3005 64 25 good
905 3006 77 25 while,
999 3006 47 22 and
1062 3013 26 14 as
1105 3005 51 22 The
1176 3006 103 21 Maroon

740 3042 56 19 goes
811 3040 24 17 to
848 3043 75 20 press,
937 3037 68 21 there
1017 3036 19 22 is
1049 3044 13 14 a
1076 3040 85 23 strong
1172 3036 92 27 probab-

740 3066 51 26 ility
813 3067 53 22 that
888 3068 42 22 the
954 3071 94 19 contest
1070 3068 46 22 will
1139 3068 30 22 be
1193 3068 86 26 played

740 3097 55 21 here
816 3098 91 21 around
928 3099 134 21 December
1083 3098 31 22 10.

768 3129 111 26 Loyola's
895 3129 117 22 scoreless
1027 3129 31 22 tie
1072 3129 57 23 with
1144 3129 40 22 the
1198 3129 64 22 Tenn-

740 3167 68 14 essee
823 3160 111 26 Doctors,
947 3160 54 22 who
1016 3160 112 23 defeated
1142 3160 137 27 Centenary

740 3190 45 22 last
803 3197 87 15 season
907 3191 57 26 14-0,
981 3191 43 22 has
1042 3191 85 27 placed
1144 3192 66 21 them
1226 3191 23 22 in
1265 3199 14 14 a

740 3221 105 26 position
860 3222 80 22 where
956 3222 58 26 they
1028 3222 48 23 will
1093 3223 29 22 be
1138 3223 100 22 favored
1254 3226 25 19 to

741 3259 102 19 revenge
870 3253 41 21 the
938 3252 82 23 defeat
1045 3253 95 22 handed
1166 3254 40 22 the
1233 3254 46 22 last

741 3291 9 14 s
761 3290 65 15 -ason
842 3283 31 27 by
888 3283 41 22 the
945 3283 149 23 Gentlemen.

1318 714 257 42 Freshmen
1591 714 92 42 Put
1701 715 71 58 Up

1378 777 146 42 Game
1547 777 134 57 Fight
1704 778 91 41 But

1448 839 118 43 Lose
1591 849 49 33 to
1663 840 47 42 L.
1735 839 43 44 S.
1801 840 54 43 U.

1488 933 39 27 (G.
1548 934 25 22 P.
1591 933 90 27 Crane)

1342 979 38 22 On
1399 979 127 27 Saturday,
1543 980 138 22 November
1696 981 18 25 3,
1731 981 40 22 the
1789 982 25 22 L.
1832 981 21 22 S.

1315 1010 28 22 U.
1378 1010 132 22 Freshmen
1544 1011 113 22 defeated
1690 1012 40 21 the
1763 1012 90 26 Loyola

1315 1042 131 22 Freshmen
1468 1043 32 26 by
1520 1043 41 22 the
1583 1049 68 16 score
1672 1043 26 22 of
1719 1043 56 22 13-0.
1803 1043 50 22 The

1315 1080 69 19 game
1398 1081 49 15 was
1461 1082 14 13 a
1490 1074 154 26 preliminary
1657 1077 25 19 to
1696 1074 40 22 the
1751 1075 102 25 Loyola-

1315 1105 83 21 Dallas
1420 1109 93 17 contest
1534 1105 47 21 and
1602 1105 99 21 rivalled
1719 1105 41 22 the
1782 1105 71 22 latter

1315 1136 22 21 in
1355 1139 107 19 interest.
1493 1135 48 23 For
1558 1137 68 21 three
1642 1140 110 22 quarters
1771 1137 17 21 it
1804 1144 49 15 was

1315 1167 39 26 nip
1370 1167 48 22 and
1433 1168 58 21 tuck
1506 1167 56 22 with
1579 1167 93 22 neither
1686 1171 65 18 team
1766 1168 87 25 having

1315 1199 40 21 the
1373 1198 141 27 advantage.
1547 1198 94 27 During
1659 1199 52 21 that
1729 1199 56 21 time
1803 1198 38 22 nei-

1314 1230 54 22 ther
1380 1234 63 18 team
1455 1230 144 22 threatened
1610 1231 41 21 the
1663 1231 77 25 other,
1752 1230 101 26 fighting

1314 1261 154 26 desperately
1495 1260 69 23 when
1593 1261 58 26 they
1679 1268 62 15 were
1771 1260 82 23 forced

1314 1292 62 22 back
1390 1292 83 22 within
1487 1292 63 22 their
1563 1292 100 27 20-yard
1679 1292 52 22 line.

1340 1330 52 22 The
1407 1337 70 19 game
1492 1337 49 15 was
1557 1330 87 26 played
1659 1330 23 22 in
1698 1337 14 15 a
1727 1330 58 25 light
1801 1330 51 22 rain

1313 1361 76 23 which
1414 1362 94 21 marred
1531 1369 30 14 an
1585 1361 127 22 otherwise
1735 1361 116 22 beautiful

1312 1400 77 19 game.
1417 1392 52 22 The
1485 1392 122 22 condition
1621 1392 26 21 of
1662 1392 41 22 the
1718 1392 56 22 field
1789 1392 64 22 after

1313 1431 13 15 a
1354 1424 46 22 few
1425 1424 104 22 minutes
1555 1423 27 22 of
1608 1424 56 26 play
1691 1424 160 22 necessitated

1312 1456 103 25 straight
1434 1455 102 22 football
1556 1456 154 24 throughout.

1339 1492 51 23 The
1409 1492 68 23 Wolf
1497 1493 64 26 Pups
1581 1492 103 22 realized
1702 1493 52 21 that
1772 1500 13 14 a
1803 1492 36 22 vic-

1313 1528 53 23 tory
1386 1531 57 15 over
1463 1524 41 22 the
1526 1524 67 26 Baby
1613 1524 84 26 Tigers
1718 1524 77 22 would
1816 1524 23 22 ef-

1321 1554 52 23 face
1401 1556 40 21 the
1469 1555 94 22 defeats
1592 1556 22 20 in
1641 1556 41 21 the
1708 1556 70 21 other
1804 1559 47 18 two

1309 1594 90 18 games,
1420 1587 46 21 and
1488 1586 62 22 from
1572 1586 40 22 the
1632 1585 105 27 opening
1757 1586 93 22 whistle

1312 1618 57 27 they
1382 1617 86 27 fought
1481 1617 191 27 determinately.
1691 1617 74 23 Were
1778 1618 17 21 it
1810 1622 40 17 not

1312 1649 38 22 for
1372 1650 39 21 the
1434 1649 88 22 breaks
1543 1649 26 22 of
1591 1650 39 21 the
1652 1656 68 19 game
1742 1649 47 21 and
1810 1649 40 22 the

1311 1680 106 22 brilliant
1435 1681 67 20 work
1518 1679 27 22 of
1562 1679 123 27 Freeman,
1703 1680 41 21 the
1762 1679 74 22 Fresh-

1310 1719 55 14 men
1381 1711 76 26 might
1474 1711 60 22 have
1551 1711 114 22 obtained
1680 1718 14 15 a
1710 1711 71 22 draw.

1338 1748 52 23 The
1415 1749 45 22 last
1485 1751 99 24 quarter
1608 1749 93 26 opened
1726 1748 57 23 with
1810 1748 40 23 the

1311 1780 48 22 ball
1379 1780 22 21 in
1420 1781 40 20 the
1478 1779 92 26 Tigers'
1589 1780 138 26 possession
1747 1780 22 21 in
1788 1779 63 23 their

1310 1818 53 15 own
1376 1811 121 27 territory.
1525 1811 77 22 Three
1616 1815 115 23 attempts
1745 1811 105 22 resulted

1310 1842 24 22 in
1350 1850 13 14 a
1381 1842 117 26 five-yard
1514 1842 61 26 gain,
1591 1842 95 26 placing
1701 1843 40 21 the
1757 1842 46 21 ball
1819 1849 31 14 on

1310 1874 41 21 the
1367 1873 91 26 Tigers'
1474 1874 99 25 40-yard
1591 1873 52 22 line.
1667 1872 117 23 Freeman
1800 1880 50 14 was

1310 1905 77 22 called
1402 1905 61 22 back
1476 1909 25 18 to
1514 1908 66 24 punt.
1594 1904 51 23 The
1659 1908 59 23 punt
1732 1911 47 16 was
1794 1911 42 20 par-

1310 1936 68 26 tially
1395 1936 102 22 blocked
1515 1936 32 26 by
1710 1935 80 25 Clark,
1808 1936 42 21 the

1310 1967 48 21 ball
1376 1967 123 26 bounding
1516 1967 104 22 towards
1638 1967 40 21 the
1697 1966 72 27 Pups'
1785 1967 64 26 goal.

1311 1999 24 22 L.
1355 1998 23 23 S.
1398 1998 28 22 U.
1447 1998 129 22 recovered
1596 1998 41 22 the
1658 1998 48 22 ball
1727 1998 46 22 and
1794 1998 55 26 play

1309 2037 48 14 was
1376 2030 92 21 started
1484 2029 23 22 in
1524 2030 39 21 the
1580 2029 88 22 middle
1685 2029 27 22 of
1728 2029 40 22 the
1786 2029 63 21 field.

1309 2059 80 24 Twice
1415 2068 66 14 more
1508 2061 40 21 the
1575 2064 60 23 punt
1661 2067 49 14 was
1738 2060 110 24 blocked,

1309 2099 59 15 once
1390 2092 30 26 by
1442 2092 100 26 Molony
1563 2092 47 21 and
1631 2092 70 25 again
1723 2091 32 26 by
1775 2091 73 22 Clark

1309 2123 46 22 and
1375 2123 129 22 recovered
1525 2123 31 26 by
1576 2123 25 23 L.
1623 2122 23 23 S.
1666 2122 29 23 U.
1729 2122 50 22 The
1799 2122 48 22 ball

1308 2162 49 14 was
1379 2162 53 14 now
1453 2162 30 13 on
1505 2154 40 22 the
1566 2154 99 26 30-yard
1686 2153 54 22 line.
1774 2153 59 22 Free-

1309 2192 53 15 man
1383 2193 48 14 was
1453 2186 77 21 called
1550 2186 61 21 back
1633 2189 24 18 to
1677 2186 41 21 the
1740 2185 107 22 fullback

1309 2217 105 26 position
1434 2217 47 21 and
1502 2224 29 14 on
1553 2216 35 22 his
1609 2216 65 26 eight
1696 2216 151 21 consecutive

1309 2247 75 23 bucks
1403 2248 29 21 he
1451 2247 93 22 carried
1562 2247 17 22 it
1596 2255 59 14 over
1674 2247 38 22 for
1730 2254 13 15 a
1762 2247 71 22 touch-

1309 2280 75 21 down.
1414 2279 20 22 A
1450 2286 56 20 pass
1524 2279 37 22 for
1576 2280 41 21 the
1633 2282 68 18 extra
1717 2278 66 27 point
1798 2286 49 14 was

1309 2310 142 22 successful.

1335 2348 52 22 The
1409 2347 132 23 Freshmen
1563 2348 72 21 chose
1656 2351 24 18 to
1701 2346 61 23 kick.
1797 2346 34 22 Ad-

1308 2379 102 27 vancing
1431 2379 40 22 the
1492 2379 48 22 ball
1562 2379 31 26 by
1615 2379 75 22 bucks
1712 2379 46 22 and
1779 2379 68 22 short

1309 2411 105 22 forward
1431 2418 94 19 passes,
1542 2411 40 21 the
1600 2409 85 27 Tigers
1702 2409 87 26 gained
1806 2409 41 23 the

1308 2442 86 26 yellow
1415 2441 102 27 jackets'
1540 2441 100 27 20-yard
1663 2441 53 21 line.
1746 2440 22 22 A
1790 2441 58 26 long

1309 2481 55 19 pass
1385 2477 25 18 to
1431 2481 29 14 an
1482 2480 62 19 open
1567 2473 46 22 end
1635 2472 105 23 resulted
1762 2472 22 22 in
1806 2473 41 21 the

1308 2505 89 21 second
1420 2505 152 22 touchdown.
1608 2504 51 22 The
1682 2507 39 23 try
1745 2502 38 23 for
1805 2503 42 21 the

1308 2540 68 17 extra
1396 2535 67 27 point
1483 2535 80 22 failed.

1335 2573 118 22 Freeman
1467 2580 48 15 was
1530 2573 42 22 the
1586 2572 156 26 outstanding
1757 2575 50 19 star
1821 2572 26 22 of

1307 2606 40 21 the
1363 2611 76 20 game.
1469 2605 45 21 His
1530 2604 99 27 playing
1642 2604 70 22 while
1728 2607 23 18 at
1767 2604 79 21 tackle

1306 2643 49 15 was
1383 2636 119 21 excellent
1529 2636 46 21 and
1602 2635 35 21 his
1663 2634 67 23 work
1756 2634 23 22 in
1805 2635 41 21 the

1306 2667 120 22 backfield
1444 2667 87 22 turned
1546 2667 40 22 the
1603 2667 48 22 tide
1667 2666 26 22 of
1708 2666 82 23 battle.

1332 2699 89 25 Jimmy
1440 2698 106 26 Woulfe,
1563 2698 98 26 Johnny
1680 2697 100 22 Holmes
1799 2697 46 21 and

1306 2729 82 26 Harry
1413 2729 110 22 Kinsella
1549 2729 86 26 played
1660 2728 53 23 well
1740 2727 39 22 for
1805 2728 40 21 the

1307 2761 71 26 Pups.
1413 2760 29 22 A.
1462 2760 28 22 D.
1512 2760 96 23 Smith's
1629 2760 100 27 punting
1748 2766 50 16 was
1819 2759 26 22 of

1305 2792 40 21 the
1365 2792 95 25 highest
1479 2792 78 21 order.

1304 2861 104 20 THIRD
1427 2860 135 21 SUNDAY
1580 2860 180 21 STUDENTS'

1394 2898 88 20 MASS
1509 2898 43 21 AT
1579 2897 102 21 EIGHT
1707 2896 137 21 O'CLOCK

1330 2966 38 22 On
1405 2966 98 27 Sunday
1536 2967 112 26 morning
1667 2970 25 18 at
1711 2967 13 21 8
1744 2966 100 26 o'clock,

1303 2997 69 22 there
1389 2997 48 22 will
1456 2997 31 22 be
1505 3004 64 15 mass
1588 2998 48 21 and
1654 2997 99 26 general
1772 2996 54 23 Com-

1303 3028 97 22 munion
1421 3028 39 22 for
1480 3028 90 27 Loyola
1592 3028 116 22 students.
1742 3028 40 22 All
1802 3028 41 22 the

1303 3059 166 26 departments
1490 3066 41 15 are
1551 3060 75 25 urged
1645 3062 26 19 to
1691 3060 30 22 be
1742 3059 38 22 100
1800 3066 44 20 per

1307 3093 55 18 cent
1389 3093 106 23 present.
1535 3089 52 23 The
1615 3097 97 15 sermon
1737 3089 49 23 will
1813 3090 29 22 be

1303 3121 120 26 preached
1441 3121 32 27 by
1490 3121 58 22 Rev.
1565 3121 22 26 J.
1606 3121 33 23 M.
1658 3121 93 25 Walsh,
1769 3121 46 26 S.J.

1328 3151 51 22 The
1397 3151 122 23 Cafeteria
1535 3152 48 22 will
1600 3151 98 27 provide
1715 3151 127 23 breakfast

1303 3182 63 22 after
1383 3189 65 15 mass
1467 3182 38 22 for
1522 3182 70 22 those
1610 3183 54 21 who
1683 3189 27 15 so
1729 3182 85 22 desire.

1880 714 205 42 Officers
2106 714 50 42 of
2175 714 127 42 Four

1946 777 331 58 Departments
2297 777 124 43 Meet

2061 871 66 24 (Phil
2150 871 85 24 Clark)

1907 909 50 22 The
1981 909 95 22 officers
2100 912 25 19 ot
2148 913 40 18 the
2210 909 95 22 various
2329 910 89 21 classes

1879 940 27 21 of
1923 941 41 21 the
1982 940 58 22 Arts
2059 941 46 21 and
2125 940 104 27 Science,
2249 942 95 24 Dental,
2364 942 53 22 Law

1879 972 46 21 and
1946 972 135 26 Pharmacy
2100 972 165 25 departments
2283 972 27 22 of
2329 972 90 26 Loyola

1880 1002 146 27 University,
2051 1010 27 15 as
2104 1003 52 22 also
2183 1003 39 22 the
2249 1003 118 22 members
2392 1003 27 22 of

1879 1035 41 21 the
1946 1034 60 22 staff
2030 1034 26 22 of
2082 1034 51 22 The
2160 1035 111 26 Maroon,
2296 1036 41 21 the
2363 1035 56 23 Law

1878 1065 100 26 Journal
2000 1065 47 22 and
2067 1065 43 22 the
2132 1066 87 21 Dental
2241 1066 107 26 Journal,
2370 1072 49 16 met

1879 1096 133 27 Thursday,
2033 1097 137 22 November
2188 1097 13 22 8
2220 1101 24 18 at
2261 1097 13 22 9
2292 1105 21 19 p.
2332 1104 30 15 m.
2381 1097 38 22 for

1879 1128 40 21 the
1936 1135 106 19 purpose
2058 1128 27 22 of
2102 1129 135 25 discussing
2254 1129 93 21 various
2364 1132 42 23 top-

1879 1158 32 22 ics
1934 1158 28 22 of
1984 1159 101 22 interest
2110 1163 24 18 to
2157 1160 41 21 the
2221 1159 77 23 whole
2321 1160 98 22 student

1879 1190 64 26 body
1962 1190 27 22 of
2007 1190 42 22 the
2068 1190 146 27 University.

1907 1222 46 21 Mr.
1972 1221 125 27 Guilbeau,
2116 1222 122 26 president
2255 1222 27 22 of
2300 1223 40 21 the
2359 1222 45 24 Sen-

1878 1252 35 22 ior
1929 1253 57 23 Law
2003 1252 78 26 Class,
2098 1260 49 15 was
2165 1253 130 26 appointed
2312 1257 90 23 tempor-

1877 1291 43 19 ary
1936 1284 131 26 chairman,
2083 1284 46 22 and
2146 1292 64 19 upon
2227 1285 34 21 his
2277 1285 87 26 calling
2380 1284 38 23 for

1878 1315 161 22 nominations
2057 1315 26 22 of
2100 1323 13 14 a
2131 1319 140 23 permanent
2289 1317 128 22 chairman.

1880 1346 45 21 Mr.
1946 1346 143 24 Strickland,
2111 1347 122 26 president
2253 1347 26 21 of
2298 1348 39 21 the
2358 1347 44 23 Sen-

1877 1378 35 21 ior
1937 1378 88 22 Dental
2049 1378 62 22 class
2135 1385 48 15 was
2207 1378 76 22 called
2305 1386 64 19 upon
2392 1382 25 18 to

1877 1409 55 21 take
1953 1409 40 21 the
2013 1409 72 22 chair.

1904 1439 72 28 Upon
1996 1444 97 22 request
2112 1440 27 21 of
2159 1441 41 21 the
2221 1441 127 26 chairman,
2370 1441 46 22 Mr.

1875 1471 112 26 Janssen,
2011 1471 52 27 S.J.,
2087 1472 91 26 faculty
2200 1472 97 22 advisor
2318 1472 26 22 of
2365 1472 50 22 The

1878 1503 102 21 Maroon
1998 1503 47 21 and
2061 1503 28 21 of
2105 1503 41 22 the
2165 1503 102 23 Student
2284 1504 117 25 Organiza-

1876 1534 48 21 tion
1945 1533 28 22 of
1991 1534 41 21 the
2053 1534 58 21 Arts
2131 1534 47 21 and
2200 1534 98 23 Science
2319 1535 82 26 depart-

1875 1568 73 22 ment,
1971 1566 141 21 announced
2136 1566 52 21 that
2213 1573 13 15 a
2249 1570 96 22 request
2369 1566 45 22 had

1876 1596 59 22 been
2041 1597 30 25 by
2089 1597 121 21 members
2227 1597 27 22 of
2270 1597 29 22 all
2317 1598 39 20 the
2375 1598 26 21 de-

1875 1631 134 22 partments
2025 1627 27 22 of
2067 1628 41 21 the
2125 1627 138 27 University
2278 1632 25 18 to
2319 1629 94 25 publish

1874 1665 14 15 a
1914 1659 89 26 Loyola
2028 1659 63 22 Year
2116 1660 74 23 Book,
2214 1660 46 21 and
2284 1660 130 26 suggested

1874 1690 53 21 that
1948 1698 13 13 a
1984 1690 137 22 committee
2142 1691 129 23 composed
2293 1698 15 13 o
2380 1698 22 14 tr-

1875 1721 54 22 bers
1943 1721 26 21 of
1983 1728 71 19 every
2068 1721 159 27 department,
2242 1722 28 21 be
2283 1722 131 26 appointed

1875 1755 25 18 to
1916 1752 92 22 discuss
2024 1753 41 21 the
2080 1759 64 20 ways
2161 1753 47 22 and
2223 1759 82 16 means
2321 1753 26 22 of
2362 1758 39 21 get-

1875 1783 50 26 ting
1944 1791 30 18 up
1994 1784 46 21 this
2060 1784 40 25 big
2119 1784 155 25 publication.
2309 1785 34 21 He
2364 1785 51 21 also

1877 1814 125 27 explained
2027 1815 40 21 the
2092 1815 59 21 aims
2177 1815 46 22 and
2248 1823 117 19 purposes
2389 1815 26 21 of

1874 1845 52 22 The
1958 1846 110 25 Maroon,
2098 1846 76 23 which
2206 1847 19 22 is
2257 1848 41 21 the
2327 1847 87 22 official

1877 1877 87 26 Loyola
1981 1876 141 28 University
2137 1885 150 19 newspaper,
2302 1879 46 21 and
2365 1878 49 22 said

1873 1908 52 22 that
1949 1916 72 19 every
2043 1908 72 22 effort
2137 1916 48 15 was
2207 1909 73 27 being
2299 1909 70 22 made
2389 1913 25 18 to

1874 1940 62 21 raise
1957 1940 16 21 it
1994 1940 62 21 from
2075 1947 13 15 a
2108 1940 54 22 four
2181 1945 24 17 to
2224 1948 30 14 an
2273 1941 138 26 eight-page

1873 1970 71 23 issue.
1977 1971 37 21 He
2031 1971 52 22 also
2100 1973 129 24 suggested
2248 1973 51 21 that
2316 1980 14 14 a
2348 1972 53 22 stud-

1873 2006 40 18 ent
1940 2002 92 22 council
2060 2003 29 21 be
2116 2002 93 22 formed
2235 2003 74 21 which
2336 2003 78 22 would

1873 2033 96 26 preside
1983 2041 58 14 over
2056 2034 31 22 all
2102 2035 230 21 studiactivities
2349 2041 49 15 com-

1873 2071 55 14 mon
1955 2068 25 18 to
2006 2065 31 21 all
2064 2065 40 22 the
2131 2065 150 26 departmc,.
2321 2066 27 21 of
2373 2066 40 21 the

1873 2094 146 29 University,
2041 2096 102 22 without
2165 2096 141 27 destroying
2328 2104 26 14 or
2378 2104 23 14 in-

1873 2126 118 27 terfering
2010 2127 21 21 in
2050 2128 41 21 the
2111 2129 60 20 least
2190 2128 54 22 with
2264 2135 46 19 any
2329 2129 25 20 of
2373 2129 39 21 the

1873 2158 105 26 existing
1993 2162 112 22 separate
2120 2159 152 26 department
2287 2160 112 25 organiza-

1872 2189 63 22 tions
1955 2196 28 15 or
2000 2190 69 22 frats.

1900 2220 78 22 These
2005 2221 92 22 several
2123 2222 153 25 suggestions
2300 2229 64 15 were
2389 2225 25 19 at

1871 2258 60 15 once
1950 2252 130 22 submitted
2098 2252 38 22 for
2152 2253 134 21 discussion
2303 2253 46 21 and
2365 2253 36 22 aft-

1872 2290 26 14 er
1917 2283 45 22 due
1981 2284 158 21 deliberation
2160 2284 39 22 the
2221 2284 123 26 following
2362 2291 34 15 mo-

1872 2314 64 22 tions
1963 2322 64 14 were
2052 2315 70 21 made
2148 2315 46 22 and
2221 2316 119 22 seconded
2365 2316 48 22 and

1871 2345 106 27 adopted
1995 2346 170 26 unanimously
2183 2347 30 26 by
2232 2346 94 22 officers
2344 2354 56 19 pres-

1871 2380 40 18 ent
1919 2383 5 16 :

1901 2407 17 23 1.
1933 2407 63 23 That
2014 2416 14 14 a
2045 2409 137 22 committee
2199 2409 27 22 of
2242 2409 45 22 law
2303 2410 109 21 students

1872 2443 62 17 meet
1949 2447 13 13 a
1977 2440 138 22 committee
2128 2440 27 21 of
2169 2440 41 22 the
2226 2440 95 26 Dental,
2337 2441 60 21 Phar-

1872 2477 68 19 macy
1964 2471 47 22 and
2036 2471 58 22 Arts
2120 2471 46 22 and
2192 2471 99 23 Science
2315 2471 84 27 depart-

1872 2505 78 18 ments
1969 2509 31 14 on
2022 2502 115 26 Monday,
2156 2502 137 22 November
2314 2503 25 21 12
2357 2506 24 19 at
2399 2503 14 21 9

1867 2539 27 20 ,p.
1916 2539 38 21 m.,
1977 2532 38 22 for
2038 2533 40 22 the
2101 2540 106 20 purpose
2229 2533 27 22 of
2278 2534 135 26 discussing

1871 2571 64 19 ways
1953 2564 47 22 and
2016 2571 83 16 means
2116 2564 28 22 of
2159 2565 95 26 getting
2270 2572 31 20 up
2319 2572 13 15 a
2350 2565 47 27 Loy-

1870 2595 40 21 ola
1929 2595 65 22 Year
2015 2596 75 21 Book.

1896 2626 21 22 2.
1933 2626 62 22 That
2016 2626 40 22 the
2075 2626 96 22 officers
2190 2626 26 22 of
2235 2627 41 22 the
2296 2628 57 23 Law
2371 2628 28 22 de-

1871 2661 122 22 partment
2013 2658 43 22 call
2078 2665 13 15 a
2111 2659 105 25 meeting
2236 2659 27 21 of
2282 2659 40 22 the
2344 2659 68 26 night

1871 2688 110 22 students
2000 2689 46 21 and
2064 2689 41 21 the
2123 2689 96 22 officers
2238 2690 27 21 of
2282 2690 41 22 the
2341 2691 71 21 other

1870 2720 174 26 departments,
2063 2720 26 22 of
2108 2720 41 22 the
2169 2720 47 28 day
2235 2721 118 26 students,
2373 2720 38 23 for

1869 2750 41 22 the
1923 2758 106 19 purpose
2042 2751 26 22 of
2081 2751 119 27 inquiring
2213 2752 50 22 into
2276 2753 41 21 the
2331 2753 67 26 pleas-

1870 2789 42 14 ure
1937 2781 27 22 of
1989 2782 40 22 the
2056 2782 97 22 student
2178 2783 65 26 body
2267 2790 26 15 as
2318 2786 26 19 to
2369 2784 41 21 the

1870 2813 130 22 formation
2017 2813 26 22 of
2059 2821 13 15 a
2089 2814 97 22 student
2204 2814 91 22 council
2312 2817 25 19 to
2355 2821 41 20 pre-

1870 2844 49 21 side
1940 2851 58 15 over
2018 2844 32 22 all
2072 2845 96 22 student
2188 2845 118 22 activities
2327 2845 27 22 of
2374 2846 24 22 in-

1868 2878 76 19 terest
1962 2879 26 18 to
2005 2875 31 22 all
2055 2876 42 21 the
2114 2875 173 27 departments,
2304 2876 48 22 and
2371 2876 39 22 for

1868 2907 69 21 these
1956 2913 65 15 same
2039 2907 94 22 officers
2152 2910 25 19 to
2195 2907 89 22 inform
2302 2915 46 15 one
2366 2915 29 15 an-

1868 2937 70 22 other
1949 2937 27 22 of
1987 2938 165 21 the-outcome
2163 2938 27 21 of
2202 2939 70 21 those
2283 2939 125 25 meetings.

1895 2968 39 22 No
1966 2968 86 23 formal
2084 2968 91 23 motion
2206 2976 48 15 was
2286 2970 122 26 proposed

1868 3000 73 21 about
1962 2999 52 23 The
2038 3000 117 25 Maroon;
2177 3000 47 22 this
2246 3001 79 22 would
2347 3002 60 21 have

1869 3031 60 21 been
1956 3031 65 26 quite
2048 3031 98 26 useless,
2173 3039 26 14 as
2225 3035 62 18 most
2313 3031 27 22 of
2366 3032 41 22 the

1868 3062 164 27 departments
2047 3062 47 22 had
2109 3062 97 27 already
2221 3062 111 27 signified
2343 3063 64 22 their

1868 3093 146 26 willingness
2029 3096 26 19 to
2068 3097 142 23 co-operate
2223 3094 56 22 with
2294 3094 41 23 the
2349 3094 58 22 staff

1867 3124 26 21 of
1914 3123 50 23 The
1989 3124 103 22 Maroon
2114 3124 33 27 by
2167 3125 154 26 subscribing
2342 3129 24 18 to
2388 3125 17 22 it

1867 3156 46 21 and
1929 3155 33 26 by
1976 3156 63 21 their
2055 3156 175 22 contributions
2247 3156 27 22 of
2289 3156 103 22 articles.

1895 3186 46 22 Mr.
1956 3185 146 27 Greenberg,
2116 3187 123 25 president
2252 3187 27 21 of
2293 3187 39 22 the
2348 3188 57 21 Pre-

1867 3217 71 26 Legal
1957 3217 71 26 class,
2048 3217 57 22 then
2123 3217 70 22 made
2211 3225 13 14 a
2243 3217 90 22 motion
2352 3218 52 22 that

1867 3248 38 21 the
1927 3248 90 25 Loyola
2039 3247 102 23 Student
2160 3248 173 25 Organization
2354 3249 50 23 hire

1921 3285 147 24 (Continued
2085 3292 30 14 on
2134 3285 64 26 Page
2214 3285 19 27 2,
2250 3286 51 23 Col.
2317 3287 30 26 3.)

234 3278 148 25 (Continued
397 3286 31 15 on
447 3280 64 26 Page
526 3281 20 26 4,
563 3280 50 23 Col.
629 3280 31 26 3.)

1328 3253 22 20 A
1365 3252 81 21 name!
1474 3253 22 19 A
1510 3252 82 20 name!
1620 3252 58 20 Half
1692 3260 14 12 a
1721 3252 120 24 Kingdom

1303 3283 37 21 for
1357 3292 15 12 a
1390 3292 70 12 name
1460 3287 55 17 to
1532 3283 43 21 the
1593 3283 64 21 Year
1677 3283 75 21 Book.
